2790 4882
163 263 227 327 112
491 257 592 313 XVIII.
620 255 804 312 EUMENES.
841 255 919 313 CAP.
939 263 963 310 4.
984 261 1008 310 ὁ.

162 443 235 486 cum
257 422 479 506 impetrasset,
501 422 536 486 in
554 421 616 486 fide
639 442 704 486 non
723 420 846 485 mansit
869 420 970 505 etse,
993 419 1130 484 simulac
1152 418 1277 505 potuit,
1301 419 1360 509 ad,

125 509 373 594 4Antipatrum
405 510 538 596 recepit.
587 509 751 575 Eumenes
780 507 950 575 Craterum
982 530 1021 572 ex
1050 507 1119 573 acie
1147 508 1344 575 semivivum

160 599 284 664 elatum
316 620 461 665 recreare
494 598 634 683 studuit3
670 621 743 664 cum
776 597 808 662 id
840 619 907 663 non
938 601 1067 682 posset,
1104 618 1164 682 pro
1196 596 1343 663 hominis

160 688 323 772 dignitate
359 709 482 774 proque
519 688 661 772 pristina
697 687 844 752 amicitia
881 684 1034 774 (namque
1065 686 1124 750 illo
1157 708 1236 751 usus
1272 692 1344 752 erat

162 776 348 843 Alexandro
376 777 452 843 vivo
479 773 700 862 familiariter)
730 776 839 861 amplo
862 775 974 842 funere
997 775 1116 841 extulit
1143 796 1285 862 ossaque
1308 775 1344 841 in

160 864 386 932 Macedoniam
409 865 504 931 uxori
528 865 597 931 eius
622 888 660 932 ao
682 865 795 931 liberis
818 865 953 930 remisit.

252 972 282 1038 5.
323 970 415 1038 Haec
447 971 524 1037 dum
557 971 644 1057 apud
676 972 927 1055 Hellespontum
960 974 1134 1059 geruntur,
1169 969 1344 1036 Perdiccas

163 1061 249 1146 apud
272 1059 387 1126 Nilum
409 1061 530 1127 flumen
553 1061 746 1127 interficitur
769 1083 789 1126 a
808 1059 943 1126 Seleuco
962 1064 996 1125 et
1014 1060 1194 1147 Antigono,
1216 1082 1343 1126 rerum-

163 1172 225 1235 que
244 1172 372 1215 summa
390 1150 431 1215 ad
448 1149 661 1234 Antipatrum
682 1150 833 1215 defertur.
871 1149 947 1235 Hic,
966 1149 1022 1234 qui
1039 1170 1106 1214 non
1124 1148 1345 1233 deseruerant,

163 1239 306 1304 exercitu
328 1238 523 1323 suffragium
545 1239 671 1305 ferente
690 1239 807 1325 capitis
827 1238 979 1304 absentes
1004 1238 1214 1304 damnantur:
1238 1239 1274 1304 in
1290 1239 1344 1305 his

162 1326 334 1394 Eumenes.
380 1327 453 1392 Hac
479 1327 538 1392 ille
565 1329 732 1413 perculsus
761 1328 862 1413 plaga
888 1350 953 1393 non
978 1326 1147 1393 succubuit
1172 1350 1281 1412 neque
1306 1350 1345 1394 eo

163 1416 266 1482 setius
293 1417 417 1482 bellum
445 1416 698 1483 administravit.
750 1415 814 1482 Sed
843 1417 941 1482 exiles
968 1439 1021 1483 res
1050 1416 1151 1481 animi
1177 1417 1344 1504 magnitu-

128 1506 272 1571 udinem
301 1505 363 1570 etsi
389 1527 457 1570 non
484 1505 695 1592 frangebant,
725 1511 837 1572 tamen
864 1505 1063 1571 minuebant.
1108 1504 1206 1570 Hunc
1234 1528 1345 1590 persc-

163 1617 264 1680 quens
284 1595 481 1682 Antigonus,
504 1617 577 1660 cum
596 1595 684 1662 omni
702 1617 819 1682 genere
839 1595 1005 1680 copiarum
1027 1594 1222 1680 abundaret,
1247 1617 1345 1681 saepe

162 1683 198 1748 in
224 1683 397 1749 itineribus
425 1684 617 1770 vexabatur,
648 1706 753 1769 neque
780 1707 924 1768 unquam
956 1683 997 1749 ad
1025 1706 1157 1749 manum
1191 1684 1346 1750 accedere

162 1772 283 1838 licebat
314 1773 379 1838 nisi
406 1773 447 1837 iis
476 1773 570 1859 locis,
602 1774 719 1859 quibus
747 1774 842 1858 pauci
875 1773 989 1839 multis
1017 1775 1153 1859 possent
1179 1772 1345 1839 resistere.

128 1872 144 1919 ³
164 1860 228 1926 Sed
251 1865 395 1927 extremo
419 1867 581 1948 tempore,
603 1884 677 1928 cum
701 1862 837 1928 consilio
862 1862 935 1947 capi
956 1884 1023 1927 non
1044 1867 1169 1946 posset,
1193 1862 1345 1928 multitu·

164 1950 237 2014 dine
266 1950 452 2015 circumitus
481 1955 542 2017 est.
586 1949 672 2016 Hinc
699 1954 812 2016 tamen
840 1951 953 2018 multis
982 1951 1049 2016 auis
1078 1950 1209 2016 amissis
1233 1973 1269 2016 se
1293 1974 1347 2018 ex·

110 2061 151 2102 sao
165 2038 290 2122 pedivit
312 2042 346 2104 et
369 2039 403 2102 in
427 2040 598 2105 castellum
621 2039 798 2124 Phrygiae,
822 2041 909 2125 quod
931 2039 1023 2106 Nora
1046 2041 1244 2125 appellatur,
1269 2063 1346 2106 oon-

129 2127 259 2212 4fugit.
303 2127 342 2192 In
366 2150 430 2212 quo
455 2150 526 2193 aum
551 2128 840 2194 circumsederetur
863 2132 896 2193 et
918 2133 1099 2215 vereretur,
1121 2152 1162 2195 ne
1184 2151 1252 2194 uno
1272 2130 1346 2196 loco

163 2355 323 2411 Alexandro
358 2357 418 2412 cieo
460 2352 533 2427 (‘bei
573 2356 727 2412 Lebaeiten
780 2357 870 2411 Treue
892 2356 1021 2411 bewahrt
1045 2356 1153 2412 hatten,
1191 2355 1228 2412 So
1249 2374 1346 2413 verut-

164 2426 213 2481 des
233 2422 290 2496 —’)
309 2427 368 2480 und
386 2445 420 2482 au
437 2427 463 2496 Ι,
482 2434 507 2496 8,
518 2435 543 2484 6.
779 2427 881 2483 teilten
904 2429 964 2482 also
988 2427 1035 2483 dle
1058 2427 1226 2483 wirklichen
1244 2428 1346 2484 Deser-

198 2498 231 2552 ia
256 2498 309 2566 fide
340 2515 398 2553 aon
424 2502 527 2554 mansit
552 2493 639 2555 ‘hielt
671 2499 726 2555 den
779 2501 859 2554 teure
895 2499 942 2553 die
973 2498 1212 2570 Pflichtgetreuen
1245 2517 1346 2572 wagan

163 2567 286 2637 Vertrag
307 2565 408 2638 nicht’,
432 2570 581 2625 wortlioh?
616 2570 725 2641 Gegen-
779 2570 970 2625 Treubruehsl

164 2637 217 2693 teil
234 2655 391 2694 coacervare
408 2639 499 2710 XVII,
519 2647 544 2708 2,
555 2648 584 2700 5.,
815 2642 935 2697 mnata
952 2642 1117 2724 saffrapa'um
1134 2644 1237 2710 serente
1262 2643 1344 2698 fiber-

199 2726 257 2764 aoa
277 2711 381 2765 mansit
403 2717 441 2779 et,
469 2727 499 2765 es
523 2710 563 2766 ist
588 2713 653 2766 sehr
677 2729 725 2782 ge·
780 2715 855 2767 setae
891 2709 988 2767 ‘durch
1025 2729 1072 2767 ern
1106 2711 1344 2783 Kriegsgerieht',

164 2778 339 2836 wdhnlicher
359 2781 623 2853 Sprachgebrauoh,
643 2783 726 2839 einen
779 2782 926 2839 wdrtlich?
944 2784 1001 2853 egl
1015 2783 1076 2851 XV,
1096 2790 1120 2852 8,
1132 2790 1156 2839 5.
1189 2773 1267 2840 llber
1298 2785 1344 2841 dic

164 2850 321 2921 Gegensata
343 2853 417 2907 nach
441 2853 491 2908 der
508 2853 652 2924 Negation
673 2855 727 2910 mit
781 2854 871 2910 Sache
902 2853 978 2910 Curt.
1007 2863 1032 2922 6,
1051 2862 1085 2910 32
1118 2857 1150 2911 de
1177 2858 1345 2926 capitulatus

165 2922 220 2977 den
237 2922 423 2994 kopulativen
436 2925 582 2981 Partikeln
601 2930 642 2995 et,
662 2945 725 2997 que,
779 2929 860 2982 retae
877 2933 979 2983 educto
996 2928 1180 2983 Macedonum
1201 2929 1281 2984 modo
1301 2929 1344 2983 ia·

164 2996 250 3064 atque
264 2995 488 3066 anaufi'igen,wo
503 2997 725 3055 wirimD.eine
780 3000 904 3068 currebat
937 3000 1083 3066 walae,
1120 2999 1152 3054 ia
1183 3015 1255 3069 paca
1286 3006 1345 3055 erat

163 3065 458 3138 Adversativpartikel
482 3087 517 3123 zu
540 3073 635 3125 setaen
657 3070 725 3141 pile·
779 3071 864 3141 vulpi.

164 3153 226 3207 gen.
263 3137 408 3194 Wahrend
436 3140 486 3194 sed
514 3141 642 3197 scheidet
668 3142 726 3196 und
811 3143 955 3211 perculsas
979 3141 1039 3195 lbse
1064 3141 1107 3195 als
1130 3140 1345 3197 Konaessivsatz

165 3207 224 3263 eins
244 3226 281 3264 an
295 3209 342 3266 die
358 3209 445 3266 Stella
459 3213 510 3266 des
524 3212 632 3268 andern
645 3216 725 3282 aetat,
780 3212 837 3266 auf.
857 3244 891 3254 -
909 3229 993 3281 aeque
1011 3228 1040 3267 co
1058 3213 1142 3267 eattae
1160 3210 1214 3267 wie
1235 3213 1261 3282 Ι,
1282 3219 1307 3282 2,
1318 3219 1343 3269 3.

164 3280 224 3334 also
242 3280 410 3352 beriohtigt,
433 3283 525 3352 geben
544 3283 590 3340 die
608 3284 726 3356 kopula
780 3315 815 3324 —
838 3284 1043 3339 administravit
1065 3280 1196 3351 ‘laitete’,
1222 3282 1289 3339 weil
1314 3300 1345 3338 er

163 3350 242 3405 tiven
269 3352 416 3406 Partikeln
444 3353 540 3423 jodam
569 3356 649 3410 Satze
680 3356 727 3411 ein
780 3355 836 3408 den
854 3354 942 3425 Krieg
959 3354 1003 3408 fiir
1023 3353 1068 3408 die
1087 3353 1206 3409 Familia
1222 3353 1343 3410 Alexan·

164 3421 522 3491 selbstbndigesGewicht:
538 3427 727 3482 etverbindet
781 3425 844 3480 ders
863 3425 969 3494 ftihrte,
989 3427 1046 3495 vgl.
1065 3425 1116 3492 IX,
1138 3433 1161 3493 1,
1171 3431 1197 3482 2.

165 3491 215 3545 das
229 3490 369 3572 Negative
384 3512 410 3549 u.
419 3495 544 3552 Positive
559 3497 671 3553 einfach
684 3499 726 3554 als
816 3498 898 3552 carta
915 3513 958 3552 rea
972 3495 1026 3551 ‘die
1044 3495 1233 3552 beechrtnkte
1249 3495 1344 3568 Laga'.

163 3560 209 3615 ffir
228 3562 475 3631 s1chbestehend;
503 3585 556 3636 que
576 3569 655 3623 stellt
673 3571 726 3625 den
781 3599 814 3609 -
851 3570 941 3623 animi
980 3568 1196 3640 mapaa‘tadiaem
1232 3565 1344 3624 ‘seinen

166 3632 322 3703 Gegensatz
343 3636 385 3690 als
404 3637 544 3707 Ergebnis
562 3640 620 3693 und
637 3642 726 3711 Folge
780 3639 874 3693 hohen
891 3637 973 3694 Mut’.

135 3746 139 3759 .
165 3705 228 3786 dar3
256 3708 342 3776 atque
364 3707 426 3762 halt
449 3711 653 3780 voraugsweise
679 3713 726 3769 die
816 3725 841 3773 2.
871 3737 933 3775 cam
959 3751 992 3760 -
1017 3720 1172 3776 abundaret
1197 3718 1274 3775 fasse
1301 3720 1343 3775 als

164 3778 326 3847 stergernde
344 3779 427 3835 Kraft
446 3780 597 3867 desselben,
612 3783 676 3838 fest.
701 3855 706 3865 Ι
779 3789 1008 3860 Konaessivsata,
1031 3791 1090 3844 und
1112 3789 1161 3844 lull
1180 3790 1270 3846 daher
1288 3793 1344 3847 den

201 3855 225 3902 4.
262 3866 329 3905 usae
364 3857 424 3907 arat
457 3854 636 3920 famolaarater
672 3872 725 3910 wie
779 3862 920 3918 Naehsata
939 3862 991 3917 mit
1009 3858 1101 3916 ‘doch'
1114 3861 1219 3931 folgen.

164 3919 255 3988 XVII,
276 3928 300 4006 ¹)
313 3929 336 3979 1·
503 3993 509 4005 ,
815 3935 853 3990 ud
874 3951 987 3990 monum
1011 3935 1147 4000 accedere,
1174 3931 1344 4003 cigentl.‘in

200 3993 298 4048 multi
315 3993 459 4048 libertem
474 4012 527 4050 W10
542 3995 575 4065 V,
595 4004 647 4065 4‚3
664 4017 689 4053 11·
704 4017 724 4055 Β.
780 4006 835 4061 den
849 4005 968 4061 Bereich
987 4005 1078 4060 seiner
1091 4004 1174 4058 Hand
1191 4001 1343 4075 kommen’,

166 4065 493 4132 au13,4bamooeruat.
781 4077 807 4131 d.
826 4076 844 4131 i.
860 4075 904 4131 ‘an
922 4076 973 4130 ihn
995 4073 1233 4132 herankommen’.
1255 4108 1288 4119 -
1306 4077 1345 4132 a's'e

201 4152 231 4208 5.
260 4160 284 4207 1.
306 4158 398 4210 reram
415 4171 521 4210 samnia
539 4156 592 4211 wis
611 4164 671 4226 2,1.
779 4148 833 4203 wie
852 4149 924 4203 0b⁶1¹
943 4153 995 4217 4,ss
1014 4148 1047 4203 θη
1064 4165 1104 4202 θα·

200 4225 249 4293 qui
274 4241 332 4280 aaa
363 4227 536 4282 docueruut
559 4225 614 4283 ‘die
645 4229 727 4285 nicht
816 4237 840 4285 3.
877 4234 993 4283 carrena
1025 4233 1140 4297 tempore
1176 4226 1231 4282 wie
1268 4227 1347 4295 XIV,

166 4294 319 4365 abtrtinnig
341 4297 492 4367 geworden
514 4297 625 4366 waren',
652 4302 678 4357 d.
697 4302 725 4357 h.
782 4307 858 4367 10,1.
879 4330 913 4339 -
933 4299 1010 4369 Subj.
1027 4299 1065 4353 ist
1082 4298 1230 4354 Eumenes.

166 4363 212 4418 die
227 4367 291 4420 dem
304 4367 460 4423 Perdiklras
476 4369 519 4423 ale
534 4371 598 4426 dem
610 4372 725 4427 ReIchs·
815 4373 887 4441 qaod
909 4371 991 4425 Nora
1011 4371 1168 4440 appellabar
1192 4388 1214 4425 s.
1234 4388 1270 4424 zu
1295 4369 1343 4437 IV,

166 4451 304 4492 verweser
328 4439 398 4510 (agl.
417 4443 480 4511 2,1)
506 4441 552 4497 die
578 4443 726 4513 schuldige
781 4450 832 4511 3,6
850 4442 1308 4515 yeaae‚qaoa11uotaevocarar.
