2790 4882
143 236 207 300 142
318 228 321 233 '
461 196 561 288 nrm.
588 231 788 287 saumana.
826 230 904 288 cnr.
924 239 947 289 r.
970 239 995 288 a,

143 397 328 461 etiamnunc
351 418 423 461 eum
442 396 577 480 imperio
601 396 687 481 apud
710 396 886 462 exercitum
910 396 1069 464 haberent
1092 399 1237 484 itemque
1256 398 1320 465 fra·

106 491 225 550 4trem
254 485 323 551 eius
351 484 533 571 Magonem.
577 483 650 550 Hoc
678 507 835 571 responso
865 483 1155 570 Carthaginienses
1190 490 1319 575 cognito

141 574 361 639 Hannibalem
390 574 522 638 domum
549 577 583 639 et
605 573 780 658 Magonem
809 581 1011 640 revocarunt.
1058 575 1132 641 Huc
1155 581 1193 644 ut
1215 577 1319 665 rediit,

140 686 196 729 rex
224 663 329 728 iactus
354 666 419 747 est,
446 667 621 747 postquam
648 663 827 746 imperator
853 662 975 748 iuerat,
1005 686 1089 730 anno
1118 666 1261 732 secundo
1288 671 1318 733 et

140 753 305 818 vicesimo.
346 751 392 818 Ut
413 752 499 816 enim
518 751 643 817 Romae
667 752 829 836 eonsules,
852 753 900 817 sic
918 750 1117 840 Carthagine
1142 756 1315 840 quotannis

106 843 240 906 rennui
263 841 332 906 bini
355 862 448 925 reges
473 841 674 906 creabantur.
715 840 754 905 In
772 862 811 906 eo
830 841 1028 927 magistratu
1050 844 1123 926 pari
1147 843 1315 930 diligentia

142 952 176 995 se
200 929 367 995 Hannibal
389 929 542 1014 praebuit
565 951 602 994 ae
624 929 732 995 fuerat
754 930 790 995 in
812 930 909 997 bello.
953 929 1106 1017 Namque
1129 933 1251 1019 effecit,
1281 954 1313 1000 er

141 1020 234 1084 novis
258 1018 475 1103 vectigalibus
498 1040 564 1083 non
583 1019 689 1083 solum
712 1022 751 1082 ut
774 1022 861 1084 esset
883 1019 1034 1105 pecunia,
1058 1043 1142 1106 quae
1160 1021 1311 1088 Romanis

142 1130 181 1173 ex
204 1107 334 1173 foedere
362 1107 568 1192 penderetur,
595 1107 775 1172 sedetiam
799 1113 998 1195 superesset,
1027 1131 1110 1195 quae
1133 1111 1169 1175 in
1192 1112 1310 1177 aerario

106 1201 359 1281 creponeretur.
406 1195 543 1281 Deinde,
570 1195 613 1262 M.
633 1194 770 1261 Claudio
797 1196 834 1262 L.
856 1195 954 1263 Furio
983 1199 1187 1285 consulibus,
1214 1199 1310 1267 Roma

140 1286 244 1372 legati
277 1283 510 1369 Carthaginem
542 1289 708 1350 venerunt.
758 1286 828 1350 Hos
859 1285 1025 1352 Hannibal
1056 1291 1147 1353 ratus
1181 1290 1233 1356 sui
1264 1312 1308 1356 ex·

88 1374 295 1460 capescendi
318 1373 425 1460 gratia
448 1373 581 1456 missos,
603 1374 793 1460 priusquam
814 1375 856 1440 iis
876 1379 1007 1440 senatus
1031 1377 1179 1462 daretur,
1201 1401 1308 1444 narem
1351 1440 1353 1459 ,

106 1463 286 1529 aescendit
308 1465 393 1528 clam
416 1467 514 1548 atque
542 1463 577 1527 in
600 1462 729 1548 Syriam
757 1462 799 1528 ad
822 1463 1021 1530 Antiochum
1045 1466 1202 1552 profugit
1247 1466 1307 1532 Hac
1351 1470 1353 1507 ³

139 1575 175 1619 re
193 1554 301 1638 palam
324 1552 413 1618 facta
431 1551 532 1618 Poeni
555 1573 654 1617 naves
675 1552 771 1637 duas,
794 1575 876 1637 quae
901 1575 974 1618 eum
997 1556 1306 1641 comprehenderent,
1350 1612 1353 1665 ,

140 1642 169 1707 si
191 1646 326 1728 possent
349 1641 515 1726 consequi,
539 1642 711 1726 miserunt,
733 1640 820 1707 bona
843 1641 912 1707 eius
935 1642 1157 1730 publicarunt,
1186 1646 1306 1712 domum
1351 1686 1353 1727 Ι

141 1753 160 1795 a
182 1731 400 1796 fundamentis
424 1731 635 1816 disiecerunt,
658 1729 767 1815 ipsum
791 1730 936 1795 exsulem
959 1731 1151 1799 iudicarunt.
1350 1752 1353 1817 ξ

229 1839 258 1903 8.
289 1836 335 1903 At
352 1836 518 1902 Hannibal
541 1858 625 1901 anno
645 1840 775 1922 quarto,
797 1841 973 1922 postquam
996 1838 1092 1903 domo
1116 1841 1305 1926 profugerat,
1351 1896 1353 1901 .

88 1949 127 1990 raa
140 1924 177 1990 1..
201 1923 352 1991 Cornelio
385 1925 422 2002 Q.
445 1925 587 1990 Minucio
621 1926 821 2010 consulibus,
854 1948 927 1991 cum
949 1925 981 1992 V
1003 1928 1142 1994 navibus
1171 1929 1306 1997 African

140 2015 277 2080 accessit
303 2015 337 2080 in
364 2014 484 2079 finibus
513 2012 767 2099 Cyrenaeorum,
795 2015 824 2079 si
850 2014 934 2081 forte
958 2012 1246 2103 Carthaginienses
1273 2016 1305 2084 ad

139 2104 261 2168 bellum
284 2103 437 2170 inducere
460 2105 572 2187 posset
596 2103 749 2169 Antiochi
776 2126 834 2189 spe
857 2104 1051 2190 fiduciaque,
1081 2105 1133 2172 eui
1156 2108 1223 2173 iam
1245 2128 1306 2194 per·

139 2196 299 2278 suaserat,
327 2197 364 2256 ut
392 2214 465 2257 cum
493 2191 688 2256 exercitibus
715 2192 750 2257 in
772 2192 905 2272 Italiam
931 2193 1199 2278 proficisceretur.
1244 2196 1306 2263 Huc

105 2279 314 2368 2Magonem
341 2281 477 2346 fratrem
507 2281 634 2347 excivit.
680 2281 719 2346 Id
746 2281 804 2347 ubi
831 2281 932 2348 Poeni
956 2283 1171 2370 resciverunt,
1203 2286 1306 2372 Mago·

138 2393 214 2435 nem
238 2372 363 2456 eadem,
387 2393 451 2456 qua
469 2371 618 2454 fratrem,
642 2371 811 2435 absentem
834 2371 1011 2437 affecerunt
1033 2394 1147 2457 poena.
1189 2375 1244 2441 Illi
1263 2375 1306 2439 de·

140 2461 278 2544 speratis
306 2461 403 2525 rebus
434 2482 507 2524 cum
530 2460 707 2524 solvissent
733 2481 832 2524 naves
856 2481 894 2525 ac
916 2461 990 2526 vela
1012 2462 1119 2527 ventis
1143 2463 1306 2546 dedissent,

138 2547 306 2613 Hannibal
329 2549 371 2613 ad
394 2548 593 2613 Antiochum
616 2549 776 2632 pervenit:
800 2548 840 2613 de
862 2548 1013 2633 Magonis
1037 2551 1173 2618 interitu
1196 2553 1308 2640 duplex

175 2720 237 2760 acm
251 2700 409 2759 ‘behleidet
426 2701 479 2756 mit
498 2700 549 2757 -'.
755 2704 892 2759 Aushilfe.
925 2705 1027 2775 Einigs
1046 2707 1139 2762 dieser
1157 2713 1231 2781 part.
1244 2709 1307 2782 perf.

175 2782 200 2830 4.
227 2791 290 2842 rea,
313 2775 364 2829 der
386 2772 588 2844 karthagische
610 2774 713 2829 Name·
753 2775 845 2830 haben
873 2775 954 2830 nieht
976 2777 1068 2832 aelten
1094 2781 1168 2835 auch
1195 2781 1243 2837 die
1264 2782 1308 2836 Be·

139 2863 198 2900 war
212 2846 326 2901 Suffst
344 2845 491 2916 (Richter).
506 2877 539 2886 —
553 2853 701 2916 postquam
754 2847 881 2917 dentung
899 2848 948 2902 des
967 2851 1040 2918 part.
1057 2867 1162 2920 praes,
1181 2853 1308 2909 namentl

140 2935 163 2974 c.
177 2917 248 2989 plpi.
266 2937 287 2974 s.
302 2936 335 2972 zu
353 2918 405 2986 Ill,
426 2925 451 2984 3,
461 2925 486 2974 3.
753 2919 919 2986 arbitratus,
937 2925 1029 2987 ratus,
1048 2937 1129 2992 usus,
1147 2926 1262 2993 maus,
1282 2927 1309 2995 fi·

174 2991 265 3044 annai
282 2989 342 3044 ‘auf
357 2989 403 3045 ein
420 2984 506 3044 Jahr'.
753 3006 801 3045 aas
819 2993 962 3059 (confisae,
980 2992 1112 3080 destrae),
1130 2996 1237 3052 solitus.

174 3069 199 3118 5.
223 3062 255 3116 ta
273 3063 339 3117 betto
357 3060 410 3116 wie
429 3062 463 3130 V,
482 3067 544 3128 4,1.
788 3067 913 3117 sanctum
930 3063 996 3117 dare
1018 3063 1123 3120 Zntritt
1139 3066 1217 3122 baim
1231 3067 1311 3123 Sonat

170 3135 239 3204 puri
256 3135 414 3206 diligentia,
436 3150 492 3186 was
515 3131 561 3186 fiir
579 3130 626 3187 ein
643 3131 699 3186 Ab·
753 3128 923 3202 gewahren'‚
948 3132 1101 3202 eigentlioh
1121 3135 1186 3194 eine
1204 3137 1310 3195 senaa-

137 3204 226 3260 lativ‘?
753 3204 961 3274 versammlung
978 3203 1154 3277 bewilligen,
1173 3227 1223 3264 um
1236 3208 1311 3266 datin

169 3278 239 3346 puri
256 3293 289 3332 ae
307 3293 328 3332 s.
343 3293 377 3330 zu
394 3274 468 3343 XlV,
487 3281 512 3342 3,
523 3281 548 3330 5.
753 3277 840 3329 etwas
858 3277 1010 3346 vertragen
1027 3293 1061 3330 zu
1079 3276 1202 3337 konnen.

174 3354 240 3402 earet
266 3346 319 3401 wie
342 3346 407 3414 VII,
432 3353 504 3415 10,6
527 3348 591 3416 suit.
612 3378 646 3387 -
667 3353 700 3401 at
788 3347 953 3403 Antiochum
972 3363 993 3402 s.
1008 3365 1042 3401 zu
1060 3354 1120 3416 a,1.

138 3417 241 3487 gehort
253 3418 326 3472 auch
339 3434 373 3471 zu
389 3419 437 3473 aad
450 3419 532 3474 dium
544 3424 700 3488 marmari,
739 3486 741 3492 Ι
789 3423 813 3472 7.
833 3419 904 3473 bozra
912 3419 1096 3489 publicarunt
1108 3420 1163 3478 wie
1177 3423 1244 3492 VII,
1258 3428 1310 3494 ab.

138 3504 182 3542 wo
205 3487 245 3541 im
267 3487 301 3543 D.
320 3488 370 3542 das
392 3488 593 3544 unbestimmts
616 3489 699 3544 Pron.
788 3506 806 3543 a
822 3490 1011 3557 fundamentis
1027 3490 1081 3546 wie
1098 3491 1163 3562 XX,
1183 3502 1246 3563 3,3.

135 3555 280 3614 ‘welches’
300 3558 515 3615 hinzuzusetzen
538 3559 584 3616 ist.
626 3560 699 3615 Stel·
788 3561 951 3617 iudicamur
967 3561 1021 3616 wis
1037 3562 1088 3631 IX,
1103 3569 1153 3631 4,1
1174 3572 1207 3622 at
1221 3568 1310 3622 Tissa·

138 3631 208 3700 lung
222 3647 277 3685 von
294 3635 327 3686 ut
343 3629 461 3713 bhnlich
478 3631 532 3686 wie
545 3630 619 3712 XIV,
639 3639 663 3701 1,
673 3639 699 3688 2.
748 3633 878 3701 pteram
895 3633 995 3688 hortm
1013 3635 1156 3693 iudicarit.

137 3702 402 3856 ap
423 3791 698 3844 a...
752 3701 1309 3846 8cc...tra

138 3847 208 3913 dere,
223 3846 313 3900 sovrei
322 3844 374 3898 wie
383 3861 444 3916 pac.
455 3846 577 3912 solvere3
593 3844 698 3915 eigent
752 3851 803 3913 4,1
822 3847 927 3902 Xerxes
940 3849 1072 3916 motinus
1089 3853 1202 3909 comsit
1219 3857 1288 3907 aaa.

137 3916 214 3971 lich?
251 3916 303 3971 Die
321 3916 514 3986 Konjunktivs
535 3918 700 3986 ponderatur
787 3919 813 3972 ai
835 3915 897 3983 ‘ob’;
924 3918 1110 3974 unterdruckt
1136 3920 1177 3976 ist
1200 3922 1309 3979 vorher:

134 4020 183 4114 ‘’k-o
207 3995 382 4077 reppnerotur
421 3987 573 4043 bezeichne
609 3989 699 4043 durch
752 4006 813 4114 unq1
814 4006 858 4114 pp
869 3989 1058 4116 ppmuchpp.d
1098 4062 1127 4116 al
1218 4063 1241 4119 ‘t
1282 4062 1299 4118 b

185 4078 280 4115 nnen.
846 4077 1076 4117 zoaverme
1127 4079 1309 4121 sem.o·

174 4138 198 4188 6.
222 4138 302 4186 ratus
319 4131 379 4185 ldae
398 4131 440 4185 als
458 4131 624 4186 Kausalsatz
642 4132 699 4187 auf.
752 4130 871 4186 iectivus
890 4130 943 4186 mit
960 4148 1007 4202 spe
1023 4080 1188 4204 fidusc‘oqud.

137 4202 192 4256 Pur
210 4201 256 4256 dis
274 4201 407 4257 fehlende
424 4202 509 4256 Form
529 4203 579 4258 des
597 4202 698 4274 partic.
787 4209 814 4257 ι.
833 4203 924 4257 ecdem
937 4220 993 4272 qua
1010 4203 1156 4260 ubersetze
1169 4205 1245 4262 nach
1253 4203 1309 4273 VII,

137 4273 207 4342 perf.
226 4275 281 4330 aot.
305 4272 408 4329 dienen
432 4272 462 4327 in
484 4272 577 4329 vielen
599 4275 699 4330 Pallan
753 4281 802 4343 5,8
817 4275 978 4330 aureatam
991 4292 1044 4345 quo
1055 4276 1213 4333 Alabiudas
1225 4292 1309 4334 uasa.

138 4342 184 4398 die
210 4343 364 4415 participia
389 4345 508 4415 perfecti
535 4345 586 4400 der
612 4346 699 4417 depo·
788 4346 937 4414 matie
962 4348 1043 4402 rebus
1069 4345 1122 4401 wie
1150 4347 1225 4418 XIV,
1253 4351 1308 4417 6,3

137 4416 235 4470 nentia
258 4415 317 4469 und
340 4416 390 4470 der
412 4415 628 4487 neutropassiva
651 4435 700 4472 zur
753 4417 821 4472 oder
839 4415 934 4472 Subst.
951 4417 1005 4472 mit
1022 4417 1211 4489 PrAposition.

687 4618 711 4666 0
