2790 4882
431 270 504 325 XVI.
533 269 744 325 PELOPIDAS.
783 270 860 329 CAP.
880 278 905 326 4.
925 279 949 328 5.
1236 277 1279 341 99
1357 336 1360 340 ,

189 438 220 500 4.
249 435 321 500 Hoc
340 439 408 498 tam
427 434 557 499 turbido
578 439 737 518 tempore,
760 435 846 499 sicut
865 457 963 521 supra
987 436 1168 522 docuimus,
1191 436 1279 520 Epa·

97 525 285 608 minondas,
318 522 423 609 quoad
454 543 526 587 oum
557 523 681 588 civibus
714 522 904 588 dimicatum
935 528 998 610 est,
1030 525 1119 589 domi
1149 525 1280 610 quietus

97 614 170 679 fuit.
227 613 344 697 Itaque
376 612 456 675 haec
492 611 704 676 liberatarum
736 611 922 689 Thebarum
958 614 1091 698 propria
1123 613 1195 679 laus
1229 619 1280 679 est

96 701 291 786 Pelopidae,
324 704 450 766 ceterae
481 700 548 765 fere
576 722 763 766 communes
794 723 867 766 cum
895 701 1132 787 Epaminonda.
1178 701 1315 768 Nam-a

97 813 162 876 que
194 790 365 855 Leuctrica
396 809 509 872 pugna
540 789 737 874 imperatore
769 789 998 875 Epaminonda
1033 792 1086 856 hic
1117 791 1182 856 fuir
1216 793 1279 856 dux

96 881 243 945 delectae
272 901 401 962 manus,
431 900 512 962 quae
541 880 648 963 prima
674 878 872 964 phalangem
900 881 1078 965 prostravit
1105 879 1314 947 Laconuma

95 968 259 1034 Omnibus
287 972 456 1051 praetcrea
485 967 637 1048 periculis
662 967 731 1033 ‘eius
756 968 861 1032 adfuit
889 967 1001 1053 (sicut,
1029 967 1181 1054 Spartam
1206 991 1278 1035 cum
1293 998 1332 1039 aas

95 1057 318 1143 oppugnavit,
346 1057 486 1120 alterum
513 1057 620 1120 teuuit
649 1054 778 1141 cornu),
806 1078 934 1142 quoque
961 1056 1113 1123 Messena
1141 1060 1277 1125 celerius
1293 1088 1331 1128 arr

94 1147 339 1230 restitueretur,
367 1146 497 1228 legatus
525 1145 560 1208 in
583 1144 699 1209 Persas
729 1150 779 1209 est
808 1145 981 1230 profectus.
1027 1146 1176 1232 Denique
1198 1147 1279 1213 haec

93 1236 159 1300 fuit
179 1236 284 1300 altera
302 1256 442 1318 persona
460 1232 597 1316 Thebis,
621 1234 677 1298 sed
697 1239 808 1299 tamen
827 1236 967 1300 secunda
985 1236 1047 1320 ita,
1070 1240 1108 1301 ut
1130 1237 1279 1321 proxima

94 1329 184 1390 esset
207 1323 464 1408 Epaminondae.

149 1451 155 1461 ·
187 1429 216 1494 5.
251 1428 464 1506 Conflictatus
489 1433 598 1494 autem
623 1434 673 1495 est
697 1450 768 1493 cum
793 1429 929 1494 adversa
951 1430 1093 1494 fortuna.
1135 1429 1221 1495 Nam
1243 1437 1277 1497 et

93 1520 205 1605 initio,
234 1520 318 1583 sicut
348 1518 563 1602 ostendimus,
591 1518 682 1582 exsul
705 1519 813 1600 patria
837 1519 956 1602 caruit,
984 1523 1017 1582 et
1040 1521 1122 1585 cum'
1137 1519 1276 1585 Thessa·

92 1609 173 1673 liam
199 1608 233 1672 in
253 1611 451 1691 potestatem
470 1605 699 1671 Thebanorum
723 1611 854 1690 cuperet
872 1607 1018 1691 redigere
1037 1608 1276 1694 legationisque

92 1699 165 1762 iure
196 1697 278 1761 satis
308 1701 431 1761 tectum
465 1718 499 1760 sc
528 1696 756 1780 arbitraretur,
789 1695 875 1780 quod
904 1697 989 1780 apud
1020 1718 1131 1761 omnes
1150 1703 1275 1782 gentes

93 1791 244 1852 sanctum
269 1807 339 1850 esse
363 1789 565 1868 consuesset,
589 1806 608 1848 a
631 1788 771 1870 tyranno
796 1783 982 1849 Alexandro
1005 1784 1150 1851 Pheraeo
1175 1787 1274 1851 simul
1289 1816 1330 1858 aaa

92 1898 168 1940 cum
202 1874 345 1939 Ismenia
378 1874 630 1958 comprehensus
663 1873 699 1938 in
730 1873 838 1938 vincla
870 1873 1034 1939 coniectus
1067 1879 1128 1940 est.
1180 1875 1311 1940 Hunos

91 1963 339 2048 Epaminondas
359 1963 576 2047 recuperavit,
599 1962 686 2027 bello
705 1983 902 2048 persequens
922 1962 1153 2029 Alexandrum.
1193 1963 1275 2030 Post
1290 1996 1329 2037 aa

91 2053 128 2116 id
151 2053 275 2117 factum
299 2073 464 2137 nunquam
488 2052 596 2116 animo
620 2051 742 2135 placari
765 2051 875 2135 potuit
897 2052 932 2116 in
955 2073 1042 2134 eum,
1073 2075 1179 2138 aquo
1204 2059 1276 2118 erat

90 2141 246 2206 violatus.
297 2141 414 2226 Itaque
443 2140 606 2223 persuasit
635 2139 816 2225 Thebanis,
847 2142 884 2204 ut
913 2141 1058 2223 subsidio
1087 2140 1276 2208 Thessaliae

91 2230 377 2316 proficiscerentur
399 2233 620 2313 tyrannosque
640 2228 709 2293 eius
729 2229 937 2312 expellerent.
980 2227 1080 2295 Cuius
1100 2230 1271 2296 bellicum
1292 2252 1307 2299 a

128 2439 159 2496 4.
189 2448 213 2494 1.
236 2455 322 2510 surpra
340 2439 424 2493 ntml.
444 2439 503 2504 XV,
525 2445 566 2505 10,
578 2446 603 2494 3.
713 2438 798 2505 siehl,
824 2438 918 2492 wurde
942 2437 1069 2493 Messene
1091 2437 1197 2492 bereits
1221 2445 1273 2496 369

128 2511 242 2565 Konstr.
268 2513 333 2565 haec
361 2512 423 2565 laus
450 2508 657 2580 (‘Verdienst')
711 2508 868 2564 wiederher
889 2509 993 2564 estellt.
1021 2509 1114 2563 Durch
1128 2509 1205 2564 seina
1220 2509 1273 2565 Ge-

91 2584 273 2638 leberaturum
298 2582 454 2637 Thebarum
476 2583 594 2652 propria
619 2588 659 2637 eat
712 2580 846 2635 sandtsch
906 2579 946 2634 im
959 2579 984 2637 J.
1000 2587 1060 2648 367,
1080 2579 1126 2635 die
1139 2580 1274 2651 librigens

89 2655 183 2778 Pelog.
203 2671 225 2708 s.
245 2670 279 2706 ru
298 2652 377 2719 VIII,
403 2660 426 2720 1,
442 2658 466 2707 5.
488 2685 531 2721 -ῑ
548 2659 657 2721 ceterae,
710 2653 785 2707 noch
795 2652 898 2706 andere
908 2651 1026 2707 Zweclre
1035 2652 1124 2719 hatte,
1136 2651 1274 2708 bewirlrte

88 2725 131 2778 im
178 2725 250 2780 .der
264 2722 355 2792 Sing.;
373 2725 430 2792 fere
443 2720 655 2779 ‘maistanteils'.
710 2722 820 2794 Pelop.‚
845 2721 902 2777 dan
921 2723 993 2778 auch
1017 2724 1069 2779 der
1086 2722 1274 2794 Perserkbnig

128 2811 153 2858 2,
182 2804 329 2860 Leuctrica
347 2821 460 2874 papum,
486 2803 541 2859 abl,
560 2806 656 2873 temp,
711 2795 767 2849 den
802 2794 1045 2850 Laked'amoniern
1080 2794 1187 2864 befahl,
1226 2795 1278 2849 auf

88 2879 254 2946 imperatore
275 2875 475 2944 Epaminonda
502 2874 555 2929 wie
584 2875 657 2929 oben
710 2865 837 2920 Messene
856 2880 889 2918 zu
907 2865 1077 2921 verrichten.

89 2954 154 3012 3,3
188 2948 265 3002 duee,
285 2947 423 3016 Pelopida.
473 2945 571 3014 Epam.
599 2962 657 2999 war
745 2938 777 2991 r'u
785 2936 896 3002 Persas,
911 2935 1103 2991 derLateiner
1116 2936 1273 3007 gebraucht

88 3017 367 3074 Oberbefehlshabar
393 3017 463 3070 uber
490 3016 540 3070 das
568 3032 655 3086 genae
709 3007 806 3088 hbssfig
824 3007 880 3061 (1⁹11
895 3005 1006 3061 Namefl
1024 3009 1073 3062 (10⁸
1088 3007 1208 3089 V⁰lk0⁸2
1227 3025 1271 3062 W⁰

88 3089 179 3157 Heer,
198 3088 295 3158 Pelop.
310 3106 363 3141 nur
376 3087 483 3141 ruhrer
502 3087 579 3141 einer
596 3087 654 3141 Ab·
710 3096 761 3131 w1r
780 3079 835 3131 den
853 3078 903 3132 des
921 3077 1031 3159 Laudes
1051 3079 1152 3158 senen.
1198 3147 1204 3159 ,

87 3160 216 3230 ceilung,
240 3160 290 3214 der
313 3160 508 3229 sogenannten
528 3157 655 3228 heiligen
744 3149 870 3218 Denique
898 3149 960 3203 har
980 3144 1073 3230 flaua,
1100 3150 1154 3202 ma
1179 3164 1272 3204 anem

89 3233 188 3288 sohar,
711 3217 825 3288 Worte',
840 3251 873 3260 —
887 3221 966 3288 buee,
983 3237 1024 3273 rm
1037 3215 1133 3286 D.‘er';
1149 3220 1207 3289 rgl.
1222 3221 1270 3288 III,

122 3303 220 3373 prr'mo
247 3320 267 3358 s.
287 3320 322 3355 zu
344 3304 476 3372 princepe
493 3301 570 3369 VHI,
592 3309 614 3370 1,
629 3307 654 3356 5,
709 3290 959 3361 3,1Iu(Delum)
979 3308 1118 3347 communae
1131 3293 1271 3347 marium

88 3362 168 3428 Uber
187 3372 233 3428 die
248 3375 376 3443 phalouc
394 3390 428 3426 zu
446 3371 512 3440 XH,
533 3379 556 3440 1,
567 3379 592 3427 a.
709 3379 763 3418 esre
779 3363 931 3446 uoluerunt.

127 3463 152 3512 3.
176 3455 311 3524 perieulis
337 3451 390 3507 wie
413 3453 452 3520 x,
471 3458 536 3521 5‚2;
562 3452 655 3507 ΜΘ
740 3450 874 3502 wesema
890 3441 955 3488 esset
973 3430 1046 3488 ‘sehr
1063 3435 1137 3489 nahe
1155 3431 1238 3488 kam'.

88 3525 176 3580 hinnu
189 3524 281 3591 illius,
296 3524 499 3593 desEpam.—
514 3541 655 3594 oppuquo·
744 3523 774 3580 5.
808 3530 832 3577 1.
861 3524 1014 3593 confirmari
1034 3523 1097 3578 hier
1120 3524 1271 3594 Deponens

88 3600 143 3665 uit,
173 3595 295 3665 Subjelrt
316 3594 539 3665 Epaminondas,
567 3597 656 3650 teuuit
704 3590 778 3648 ‘sich
788 3593 1035 3664 herumschlagen,
1049 3592 1200 3664 kampfen'.
1218 3595 1271 3649 Be·

88 3668 216 3723 numlich
241 3665 402 3736 Pelopidas.
439 3666 476 3720 Es
503 3666 655 3720 erschwert
708 3666 803 3733 eahta,
823 3665 880 3720 dall
899 3682 929 3720 es
948 3666 995 3720 ein
1008 3665 1126 3721 verbum
1139 3665 1269 3734 frequen-

89 3741 140 3794 das
155 3737 354 3806 Veratt'mdnis,
374 3737 431 3791 dall
446 3737 480 3793 N.
496 3736 569 3795 baim
587 3736 654 3790 Ein-
707 3735 829 3792 butirum
848 3736 895 3791 ist.

89 3809 154 3865 tritt
173 3809 251 3864 eines
264 3825 355 3864 neuen
370 3807 503 3877 Subjelrts
521 3808 572 3862 der
586 3807 654 3862 drit
743 3810 815 3878 quod
827 3805 901 3876 (‘das
912 3803 968 3876 ja’)
983 3836 1017 3848 -
1032 3813 1181 3862 cmuesaet
1194 3807 1269 3862 fasse

88 3885 138 3937 tan
156 3881 264 3936 Person
287 3879 378 3934 dieses
401 3879 483 3934 nicht
500 3879 589 3933 durch
608 3878 654 3933 ein
709 3879 750 3932 als
770 3877 924 3932 Godanken
942 3878 991 3931 des
1010 3876 1107 3947 Pelop.

88 3951 457 4022 Demonstrativpronomeu
491 3951 555 4005 dem
586 3949 654 4003 kurz
743 3956 877 4020 tyranno,
894 3949 965 4003 r'iber
983 3948 1043 4003 dies
1058 3949 1141 4002 Wort
1158 3966 1179 4004 a.
1194 3966 1228 4001 ru
1246 3950 1267 4017 I,

88 4022 344 4093 vorhergehendcn
375 4023 536 4091 gagenr'iber
566 4019 653 4075 lrenn·
708 4020 1267 4089 8,3.-cumIsmeue‘u,Nom.:Iameuius.

88 4095 227 4151 aeichuet.
243 4123 276 4134 -
294 4095 366 4148 sicut
384 4093 437 4148 wie
455 4092 528 4160 XIV,
548 4099 572 4161 9,
584 4098 609 4146 2.
620 4124 653 4132 -
742 4098 767 4146 2.
791 4092 904 4161 placari
925 4093 1019 4162 potuit
1045 4091 1140 4159 (ntml.
1158 4090 1268 4161 Pelop.)

90 4184 191 4234 cornu,
210 4164 257 4220 bei
275 4183 326 4218 uns
340 4162 401 4218 ‘der
419 4161 541 4233 Flr'igel'.
578 4151 654 4217 llber
706 4163 853 4216 ubersetze
866 4164 940 4217 nach
954 4163 1124 4218 erudituaert
1137 4161 1175 4230 11,
1192 4169 1268 4230 10,1.

89 4237 136 4292 die
156 4237 247 4292 Sache
265 4238 323 4306 rgl.
341 4235 401 4304 XV,
421 4241 474 4303 8,4
492 4253 518 4291 u.
534 4240 558 4291 5.
707 4265 741 4276 -
761 4235 853 4289 auimo
871 4232 933 4288 hier
951 4232 1074 4301 ‘Gemuit
1093 4231 1187 4287 Herz'.

125 4325 230 4380 quoque
249 4309 374 4375 aelurus,
398 4307 426 4363 d.
440 4305 458 4361 i.
479 4308 508 4360 et
526 4322 580 4375 quo
601 4305 652 4360 cel.
742 4303 886 4375 tyraruw'e,
912 4305 962 4360 der
984 4304 1081 4358 Plural
1102 4303 1269 4360 bezeichnet

90 4412 123 4420 -
138 4381 266 4435 Meeseuu
283 4380 476 4434 restitueretur.
506 4377 570 4431 Wie
588 4392 654 4431 man
706 4376 762 4431 den
785 4376 934 4445 Tyrannen
955 4375 1008 4430 mit
1031 4375 1137 4432 seinem
1160 4392 1269 4446 ganum

89 4467 139 4506 aus
168 4452 219 4505 der
247 4451 338 4520 anges.
363 4449 451 4504 Stella
480 4448 529 4503 des
554 4447 652 4518 Epam.
706 4447 800 4502 Haase
818 4447 876 4500 und
895 4445 1041 4516 Anhange.
1158 4491 1161 4497 .

1019 4536 1054 4589 7*
