2790 4882
147 245 210 312 130
484 241 557 297 XXI.
585 241 634 296 DX
653 241 822 298 REGIBUS.
859 240 937 298 CAP.
958 250 983 299 1.

108 406 229 491 4quod
256 405 358 470 vellet
384 405 516 491 impune
545 405 659 472 dicere.
710 404 774 470 Hic
802 427 875 470 cum
903 404 990 469 diem
1020 362 1210 558 supremum
1237 405 1328 470 obis·

90 520 130 562 ssa
145 499 209 581 set,
238 494 369 579 publice
396 517 416 558 a
440 493 650 580 Syracusanis
679 495 713 559 in
736 494 921 580 gymnasio,
948 494 1036 578 quod
1092 494 1330 560 imoleonteum

143 583 342 669 appellatur,
365 586 438 648 tota
462 584 646 650 celebrante
670 581 783 648 Sicilia
805 583 954 668 sepultus
979 587 1037 648 est.

599 815 865 824 *-

688 1011 781 1086 XXI.

237 1171 264 1234 1.
301 1167 346 1232 Hi
375 1169 442 1235 fere
469 1168 602 1234 fuerunt
631 1167 772 1234 Graecae
804 1168 911 1255 gentis
940 1169 1050 1254 duces,
1083 1169 1140 1254 qui
1167 1168 1332 1235 memoria

145 1255 236 1345 digni
259 1256 445 1344 videantur,
473 1262 601 1343 praeter
623 1277 726 1341 reges.
771 1255 921 1342 Namque
950 1279 1005 1323 eos
1029 1257 1192 1343 attingere
1220 1257 1329 1323 nolui-

146 1369 233 1431 mus,
256 1346 510 1432 quodomnium
533 1369 584 1413 res
604 1351 716 1430 gestae
739 1347 918 1431 separatim
942 1350 1019 1411 sunt
1036 1346 1169 1412 relatae.
1211 1344 1331 1432 Neque

110 1441 257 1502 atamen
285 1436 320 1501 hi
344 1436 517 1501 admodum
548 1439 625 1501 sunt
647 1434 752 1500 multi.
796 1434 1073 1501 Lacedaemonius
1103 1440 1215 1502 autem
1239 1436 1330 1520 Age·

146 1526 245 1591 silaus
274 1525 419 1610 nomine,
447 1546 512 1590 non
540 1528 704 1610 potestate
731 1523 795 1589 fuit
822 1546 893 1608 rex,
920 1523 1007 1589 siout
1034 1524 1134 1591 ceteri
1163 1522 1330 1610 Spartani.

145 1613 197 1680 Hx
215 1613 257 1679 iis
276 1635 368 1699 vero,
392 1614 449 1699 qui
468 1613 671 1679 dominatum
691 1612 830 1697 imperio
849 1616 1035 1699 tenuerunt,
1059 1613 1330 1680 excellentissimi

146 1703 293 1789 fuerunt,
311 1708 349 1768 ut
367 1725 427 1768 nos
446 1703 641 1788 iudicamus,
659 1701 833 1767 Persarum
853 1699 958 1786 Cyrus
978 1705 1011 1766 et
1031 1701 1147 1767 Darlus
1165 1701 1331 1788 Hystaspi

146 1793 249 1877 filius3
278 1815 415 1877 quorum
443 1797 579 1877 uterque
608 1791 755 1876 privatus
783 1791 905 1856 virtute
932 1811 1070 1876 regnum
1099 1796 1151 1857 est
1179 1791 1330 1876 adeptus.

146 1880 242 1946 Prior
268 1880 386 1945 horum
414 1880 500 1965 apud
524 1879 727 1966 Massagetas
756 1880 790 1943 in
814 1879 938 1964 proelio
969 1879 1100 1965 cecidit3
1126 1879 1249 1946 Darius
1280 1902 1329 1946 se-

112 1971 280 2034 snectute
309 1969 395 2034 diem
423 1968 507 2033 obiit
534 1991 731 2053 supremum.
776 1967 855 2033 Tres
884 1972 960 2033 sunt
982 1972 1153 2054 praeterea
1182 1969 1330 2035 eiusdem

149 2057 291 2145 generis:
323 2056 445 2122 Xerxes
475 2062 508 2122 et
536 2057 598 2122 duo
627 2057 840 2141 Artaxerxae,
867 2056 1045 2122 Macrochir
1072 2058 1269 2145 cognomine
1298 2061 1332 2124 et

148 2147 311 2213 Mnemon.
355 2145 453 2212 Xerxi
477 2146 616 2211 maxime
641 2148 691 2211 est
717 2146 859 2230 illustre,
887 2145 973 2231 quod
996 2146 1148 2212 maximis
1171 2151 1251 2233 post
1273 2147 1332 2212 ho-

149 2236 274 2302 minum
306 2235 496 2301 memoriam
530 2235 727 2301 exercitibus
759 2238 847 2300 terra
878 2235 1023 2319 marique
1057 2235 1181 2300 bellum
1213 2235 1333 2302 intulit

114 2338 131 2384 4
151 2325 316 2392 Graeciae.
352 2325 399 2391 At
412 2323 595 2390 Macrochir
613 2324 821 2409 praecipuam
840 2322 939 2389 habet
958 2323 1086 2389 laudem
1103 2325 1333 2410 amplissimae

185 2505 210 2554 4.
242 2500 415 2570 pymnasim
444 2496 635 2569 (γυμνάσιον),
665 2497 713 2553 ein
800 2503 832 2551 nt
846 2512 895 2552 rios
909 2499 1078 2566 indicamus,
1093 2498 1133 2553 im
1147 2498 1181 2554 D.
1197 2499 1245 2555 ein
1260 2501 1332 2557 Sub·

150 2569 327 2625 offentliches
353 2569 500 2637 Gebtude,
528 2569 649 2624 welches
677 2586 712 2623 zu
766 2567 872 2622 stantis
889 2567 943 2623 mit
961 2569 1011 2623 der
1030 2569 1145 2640 Prtpos.
1159 2567 1259 2628 ‘nach'.

149 2629 712 2710 horperlichenllbungenmannigtachcr
800 2639 948 2695 Persarum
970 2640 1106 2696 verbinde
1130 2640 1185 2696 mit
1202 2646 1333 2700 enaellm

149 2711 202 2766 Art
219 2709 365 2765 bestimmt
383 2727 448 2765 war.
766 2710 865 2765 insint
884 2711 1006 2777 famant.

186 2792 334 2846 celebrante
352 2786 442 2845 ‘anter
467 2790 532 2844 dem
548 2789 657 2844 Zudran
679 2787 712 2857 e’3
801 2780 903 2851 Cyrtii,
933 2787 1087 2849 559-5293
1124 2784 1250 2854 Darius,
1281 2793 1332 2842 521

150 2863 226 2917 denn
244 2863 376 2918 celebrare
395 2860 477 2917 heisst
494 2859 647 2916 ‘zahlreich
701 2892 712 2901 ·
766 2857 866 2906 485·

151 2931 274 2991 suehen'.
310 2933 375 3004 Vgl.
395 2933 433 3002 X,
454 2939 524 3002 los
544 2934 712 2989 celeberrimo

151 3007 216 3062 loco.

801 2923 938 2994 Hystaspi
965 2942 986 2978 s.
1009 2942 1043 2978 zu
1069 2925 1170 2982 Neocli
1195 2928 1235 2996 H,
1266 2936 1333 2998 1,1.

765 2994 877 3048 Ebenso
897 3001 911 3061 ξ
926 3001 942 3049 3
960 2996 1058 3052 Xerxi.

801 3067 901 3122 virtate
934 3065 996 3120 hier
1027 3065 1182 3123 besonders
1207 3064 1334 3142 ‘kriegs-

765 3135 858 3191 rische
877 3133 1082 3207 Tiichtigheit’.

800 3213 946 3275 semotam,
965 3207 1213 3266 ab1.eausae‘v0r
1230 3210 1284 3270 -'.

803 3285 828 3334 3.
848 3279 912 3332 Tres
924 3286 990 3335 ssmt
999 3285 1142 3348 praetem
1155 3284 1277 3340 eiusdem
1290 3302 1334 3358 pe·

766 3351 841 3404 neris
857 3347 1105 3419 (‘Ahstammung'·,
1125 3351 1153 3407 d.
1168 3353 1197 3410 h.
1212 3354 1336 3427 Persen),

766 3418 864 3474 hisrau
891 3419 929 3474 ist
954 3437 1004 3475 aus
1031 3423 1252 3482 excellentissimi
1274 3429 1334 3496 fise·

766 3496 834 3545 ranst
852 3489 1081 3546 hinzuzudenlren
1097 3493 1147 3562 qui
1162 3497 1336 3554 excellentes

187 3184 216 3239 1.
245 3191 268 3239 1.
292 3184 336 3238 Hi
354 3200 424 3238 anu
443 3181 562 3253 praeit
585 3182 615 3238 lsi
633 3187 713 3237 enmt

149 3257 214 3324 fere.
251 3254 362 3309 Ebenso
390 3271 424 3307 zu
451 3253 529 3308 Ende
558 3254 606 3308 des
630 3259 653 3319 5.
678 3283 712 3292 -

153 3326 274 3380 Graecae
309 3326 397 3396 pentis
424 3322 623 3394 ‘griechischer
655 3322 712 3377 Na-

151 3394 229 3450 tion'.
250 3425 283 3435 -
302 3397 351 3464 qni
365 3424 399 3435 -
412 3397 558 3451 videantser
576 3414 597 3451 s.
612 3412 646 3449 zu
660 3411 713 3465 pa-

151 3471 217 3522 teret
234 3465 260 3533 I,
279 3470 305 3534 8,
315 3471 340 3518 4.

187 3545 349 3615 separatim,
374 3544 459 3598 ntiml.
478 3543 508 3598 in
532 3544 595 3598 dem
618 3545 714 3600 Buche

153 3619 185 3743 gp
211 3617 320 3742 rEepnesslnm
346 3620 501 3670 enteraram
526 3617 661 3685 centiam,
692 3633 714 3672 s.

184 3705 200 3744 e
286 3729 292 3743 .

188 3762 219 3816 hi
242 3762 288 3825 (-
306 3764 371 3814 sant
393 3758 498 3829 malti),
521 3756 584 3811 wir:
603 3755 714 3812 ‘deren’.

189 3846 214 3896 2.
233 3833 535 3894 Lacedaenonins'der
553 3836 714 3892 lakedtmo-

153 3908 269 3978 nische',
294 3909 379 3964 ntml.
397 3925 453 3964 rea.
495 3907 607 3963 Ebenso
630 3909 715 3964 nach-

154 3983 205 4037 her
222 3981 364 4052 Spartam.
396 3979 436 4033 Ζιι
453 3981 576 4048 nemisse
594 3997 652 4036 non
664 3997 715 4050 po·

153 4059 247 4110 testate
264 4053 321 4123 vgl.
338 4051 427 4118 XVII,
448 4056 498 4117 1,2
516 4067 590 4122 repes
606 4053 716 4108 nomine

154 4126 243 4197 mapsa
260 4141 343 4193 qaam
359 4123 482 4192 imperio.

191 4204 361 4259 dominatam
374 4203 488 4272 imperio
501 4207 647 4258 tennerunt
658 4202 715 4256 ‘un-

154 4273 355 4330 umschranhte
382 4271 641 4342 Herrschergewalt
667 4273 715 4328 be-

153 4343 260 4484 pallen’,
292 4344 331 4398 im
359 4344 517 4413 Gegensatz
546 4361 580 4398 zu
607 4346 717 4400 nomine

168 4417 212 4471 ait
228 4432 284 4472 rea.

767 3560 879 3616 fuerint.

802 3632 921 3700 Xerse,
957 3639 1121 3701 sss-4653
1164 3637 1336 3696 namanes

768 3703 926 3759 Macrochir
957 3701 1132 3776 (μακρόχειρ,
1165 3707 1335 3782 Langhand)

768 3780 931 3840 ror-mn
956 3777 1018 3830 An.
1037 3776 1169 3834 amnon
1194 3779 1335 3852 (μνήμων,

768 3845 822 3900 mit
839 3849 936 3914 grutem
955 3844 1152 3919 Gedtchtnis),
1173 3856 1335 3910 ror-sas.

769 3948 803 3958 —
817 3918 936 3983 illustre,
950 3916 1174 3975 substantivisch
1182 3923 1238 3978 wie
1250 3925 1340 3981 danes

768 3989 984 4044 dinarissimam
1006 3988 1053 4056 IV,
1075 3996 1098 4058 1,
1109 3997 1134 4046 2.

800 4065 864 4128 post
880 4060 1021 4114 heminam
1038 4064 1196 4116 samniam
1219 4064 1275 4119 wie
1300 4066 1334 4135 ΙΙ,

770 4135 794 4197 5,
805 4137 829 4184 3.
845 4161 879 4170 -
898 4131 1073 4200 exercitibrm,
1091 4132 1163 4188 iiber
1181 4134 1239 4190 den
1256 4136 1336 4193 Plur.

769 4200 897 4265 anull,
917 4206 977 4266 2,5.

804 4277 830 4325 4.
863 4272 1044 4341 praecipiam
1080 4273 1227 4332 ubersetze
1259 4279 1338 4334 nach

768 4344 911 4423 repastina
928 4341 993 4410 VH,
1013 4349 1036 4412 3,
1047 4349 1073 4399 3.
1092 4375 1126 4385 -
1146 4349 1342 4418 amplissimae

768 4428 823 4468 me
842 4413 904 4482 VH,
926 4419 949 4482 1,
961 4420 986 4468 2.
