2790 4882
389 252 426 308 ll.
455 251 739 308 THEMISTOCLES.
777 251 855 308 OAP.
876 258 901 308 8.
920 260 945 309 9.
1215 259 1258 323 23

70 417 153 481 salo
182 437 298 481 navem
320 417 435 498 tenuit
463 416 497 480 in
525 416 651 481 ancoris
679 437 784 500 neque
813 438 1008 501 quemquam
1038 437 1076 480 ex
1104 439 1143 481 ea
1170 417 1258 484 exire

72 527 198 590 passus
226 509 285 570 est.
331 504 411 569 Inde
434 505 602 588 Ephesum
630 505 778 589 pervenit
808 505 918 589 ibique
941 504 1182 570 Themistoclen
1206 529 1257 572 cx-

72 594 186 678 ponit:
211 593 263 657 cui
285 593 343 657 ille
366 614 424 678 pro
449 594 574 657 meritis
598 599 713 678 postea
736 593 876 679 gratiam
900 593 1038 657 rettulit.

170 683 200 747 9.
246 680 321 747 Scio
357 683 530 766 plerosque
566 682 615 747 ita
652 682 835 767 scripsisse,
872 681 1115 748 Themistoclen
1150 683 1257 749 Xerxe

71 773 238 857 regnante
260 771 296 834 in
319 769 434 834 Asiam
456 771 623 836 transisse.
669 768 733 835 Sed
756 792 817 856 ego
841 772 1050 855 potissimum
1074 771 1257 856 Thucydidi

67 859 190 944 crede,
214 859 302 945 quod
325 863 359 925 et
383 863 490 924 aetate
513 859 682 945 proximus
706 859 745 924 de
764 860 820 944 iis,
844 861 900 944 qui
919 860 1050 924 illorum
1073 864 1257 946 temporum

68 948 252 1014 historiam
287 947 502 1032 reliquerunt,
539 951 572 1013 et
605 948 749 1014 ciusdem
782 949 924 1013 civitatis
957 948 1030 1014 fuit.
1080 950 1113 1014 Is
1147 953 1256 1015 autem

67 1037 124 1102 ait
157 1037 198 1101 ad
225 1036 429 1102 Artaxerxen
461 1059 535 1101 eum
568 1037 695 1102 venisse
728 1041 826 1122 atquc
858 1037 909 1103 his
941 1037 1049 1102 verbis
1084 1038 1256 1123 epistulam
1271 1070 1312 1110 4⁶5

68 1125 221 1190 misisse:
241 1123 491 1191 ‘Themistocles
519 1127 593 1190 veni
616 1126 657 1190 ad
680 1130 726 1210 te,
758 1126 813 1209 qui
836 1125 978 1210 plurima
1001 1127 1088 1191 mala
1112 1128 1292 1194 omniumr

64 1214 253 1279 Graiorum
281 1215 316 1278 in
340 1214 472 1278 domum
499 1217 592 1278 tuam
615 1214 725 1300 intuli,
754 1215 907 1298 quamdiu
936 1214 1017 1279 mihi
1040 1237 1171 1281 necesse
1194 1217 1257 1281 fuit

66 1304 252 1368 adversum
280 1307 408 1387 patrem
437 1306 531 1367 tuum
558 1303 680 1367 bellare
708 1304 914 1388 patriamque
943 1326 1048 1368 meam
1077 1304 1257 1370 defendere.

64 1391 169 1457 Idem
197 1392 302 1456 multo
330 1392 425 1476 plura
452 1391 537 1456 bona
565 1392 640 1470 feci,
668 1395 843 1477 postquam
872 1392 906 1456 in
934 1395 1007 1457 tuto
1031 1392 1114 1478 ipse,
1143 1397 1176 1458 et
1199 1394 1291 1460 illes

65 1482 106 1545 in
137 1480 284 1564 periculo
317 1501 388 1544 esse
417 1480 532 1564 coepit.
578 1479 663 1544 Nam
692 1501 765 1545 cum
796 1481 831 1545 in
859 1480 973 1545 Asiam
1005 1482 1125 1546 reverti
1156 1483 1256 1547 vellet

67 1569 203 1654 proelio
232 1568 318 1654 apud
347 1567 514 1634 Salamina
541 1569 642 1653 facto,
675 1569 797 1634 l'rtteris
828 1592 901 1634 eum
931 1569 1102 1634 certiorem
1132 1569 1194 1634 feci
1222 1571 1256 1634 id

66 1658 148 1743 agi,
183 1661 220 1721 ut
257 1679 354 1742 pons,
392 1679 486 1742 quem
524 1657 558 1721 in
591 1657 806 1743 Hellesponto
844 1658 977 1738 fecerat,
1014 1658 1255 1744 dissolveretur,

66 1751 176 1831 atque
205 1746 246 1809 ab
274 1746 424 1810 hostibus
453 1746 690 1811 circumiretur:
720 1769 783 1831 quo
811 1746 926 1811 nuntio
954 1747 1011 1810 ille
1034 1747 1176 1831 periculo
1205 1752 1255 1812 est

67 1836 246 1900 liberatus.
298 1833 395 1900 Nunc
426 1838 534 1899 autem
569 1834 700 1918 confugi
732 1836 773 1900 ad
805 1840 838 1900 te
872 1836 1055 1919 exagitatus
1090 1857 1109 1900 a
1139 1840 1291 1903 cunctas

69 1923 228 2007 Graecia,
256 1928 347 1987 tuam
374 1927 489 2008 petens
517 1924 704 1988 amicitiam.
750 1924 854 2000 Quam
882 1925 911 1988 si
935 1947 988 1989 ero
1012 1924 1162 2010 adeptus,
1188 1947 1254 1990 non

68 2013 185 2078 minus
209 2033 261 2076 me
280 2012 402 2076 bonum
423 2013 560 2077 amicum
584 2013 733 2097 habebie,
757 2036 855 2097 quam
873 2014 992 2079 fortem
1010 2013 1179 2078 inimicum
1198 2014 1254 2077 ille

69 2104 231 2186 expertus
260 2105 319 2165 est.
365 2100 410 2164 Te
438 2105 547 2165 autem
574 2123 669 2187 rogo,
698 2105 736 2165 ut
763 2102 801 2166 de
829 2103 869 2165 iis
896 2104 1006 2186 rebus,
1038 2124 1117 2187 quas
1146 2107 1255 2168 tecum

108 2294 215 2360 salam,
236 2293 286 2346 das
303 2292 381 2347 Mser
398 2292 428 2345 in
447 2291 555 2361 einiger
569 2292 636 2346 Ent
662 2302 664 2306 ‘
727 2309 830 2348 maesse
856 2295 914 2360 fait
936 2291 991 2348 ‘ein
1019 2292 1088 2346 Mull
1116 2291 1183 2346 war’
1205 2294 1253 2348 be-

69 2364 197 2433 fernung
210 2379 268 2417 von
282 2364 332 2417 der
343 2361 511 2431 dete,‘die
525 2359 636 2431 Reede',
694 2363 823 2418 zeiclmst
849 2363 895 2418 die
918 2362 1159 2418 unrermeidliche
1183 2363 1253 2418 Not

68 2435 113 2489 im
133 2434 292 2504 Gegensatz
311 2451 344 2487 zu
359 2441 466 2505 portas.
692 2433 867 2504 wendigkeit
897 2435 955 2487 und
983 2434 1062 2488 dient
1089 2434 1177 2489 daher
1205 2452 1254 2488 zur

110 2515 311 2570 Themistoclen
316 2557 324 2582 7
349 2513 442 2584 einige
461 2513 638 2583 griechische
692 2505 940 2575 Entschuldigung
959 2505 1009 2560 des
1029 2506 1127 2561 Them.

70 2586 271 2656 Eigennamen
297 2584 347 2656 auf
369 2602 409 2653 es,
435 2585 481 2640 die
504 2585 638 2654 obrigens
728 2575 1253 2647 3·1demiiber⁸0lztman‘dagegen’

68 2657 150 2712 nach
178 2657 228 2712 der
256 2663 280 2711 3,
304 2656 385 2710 Dekl,
409 2656 512 2726 gehen,
542 2656 638 2711 bilden
693 2648 761 2702 oder
783 2645 882 2717 ‘doch’,
910 2665 992 2702 wenn
1018 2665 1075 2703 von
1105 2649 1253 2703 dersclben

70 2726 639 2782 unweilendenhccusmachdeteratur
691 2718 796 2774 Person
837 2720 905 2774 oder
944 2719 1107 2774 demselben
1143 2719 1252 2788 Gegan-

70 2799 127 2854 auf
143 2815 184 2854 en,
221 2798 333 2853 Ebenso
352 2805 402 2866 9‚1
422 2800 603 2853 mamma,
692 2791 791 2845 stande
835 2794 921 2845 etwas
961 2791 1252 2861 Entgegengesetztes

108 2872 232 2942 qratiam
249 2870 350 2937 referre
363 2867 433 2923 ‘sich
451 2869 580 2923 dankbar
595 2885 637 2923 er·
692 2865 843 2944 allegesagt
860 2862 940 2945 ⁸wird.

72 2938 188 2996 weisen’
208 2941 298 2995 durch
317 2940 362 2994 die
380 2941 461 2995 Thac,
726 2950 758 2987 aa
776 2939 835 2987 tato
853 2949 923 3001 epse,
942 2933 1026 2988 utml.
1045 2949 1099 2988 esse
1117 2936 1200 3002 coepi.

108 3029 143 3084 9,
171 3035 195 3084 1,
219 3030 374 3098 merome,
399 3028 523 3082 „qmfich
546 3045 639 3082 rerum
722 3005 829 3083 proelio
846 3004 935 3070 facto,
955 3003 1005 3057 das
1024 3003 1133 3084 Partis.¹
1146 3004 1252 3059 dn'icke

71 3099 237 3170 scriptores.
256 3131 289 3140 -
312 3102 353 3156 itu
374 3098 498 3168 kundigt
515 3099 571 3153 den
589 3100 637 3153 ab.
692 3072 781 3127 durch
805 3089 867 3127 eme
890 3071 975 3127 blolla
993 3073 1174 3142 Praposrtron
1192 3091 1250 3142 aus,

70 3170 220 3241 hangigen
235 3171 301 3224 Satn
315 3187 363 3236 an;
384 3187 413 3224 es
427 3169 504 3224 kann
517 3171 637 3225 unr'iber-
691 3143 807 3228 ahnTCh
825 3142 879 3227 lile
897 3143 945 3197 bei
962 3160 1015 3225 ill?
1032 3145 1114 3210 fact&

71 3245 149 3298 ,em
176 3241 299 3296 bleiben,
345 3242 452 3296 Botone
480 3243 572 3297 ΚΜ
598 3241 638 3295 im
727 3220 925 3282 secerneretur,
941 3213 1079 3283 SubJekt?
1096 3232 1163 3270 anu
1177 3214 1251 3284 XVI,

72 3312 196 3383 Gegens.
220 3330 255 3367 zu
279 3314 317 3368 ad
335 3314 516 3369 Artaxerxen.
552 3313 636 3369 Arto-
691 3293 742 3354 4‚3
762 3287 937 3357 OPWdllavll·
1054 3354 1060 3366 ,

71 3400 172 3442 (meg
189 3383 355 3440 Macrochir·
726 3363 751 3412 4.
788 3373 833 3412 ero
867 3359 995 3426 adeptus,
1033 3357 1079 3411 die
1115 3357 1251 3412 deutsche

108 3471 199 3557 “eim
216 3461 443 3556 ‘deffzeiiastef
456 3461 551 3558 pach'.
620 3542 627 3562 ‚
691 3498 939 3555 Zeitverhtltnisse
985 3501 1109 3570 weniger
1152 3517 1251 3570 ganan,

110 3545 243 3613 (mam
253 3549 382 3611 mmm&
392 3545 449 3612 full
465 3543 636 3613 angehillei
690 3572 780 3641 pflegt
792 3588 827 3624 an
843 3570 889 3626 die
902 3571 989 3625 Stella
1005 3572 1054 3625 des
1068 3572 1118 3627 lat.
1128 3570 1253 3625 futurum

72 3633 134 3671 ’ΠΜ
151 3615 197 3669 ffif
216 3613 263 3708 ⁰5¹}
281 3614 394 3669 Geniffil
414 3615 493 3707 &¹⁸⁰⁹
691 3644 821 3696 exactum
839 3643 904 3696 sehr
923 3641 965 3696 oft
983 3642 1033 3695 das
1051 3641 1103 3696 fut.
1123 3642 1250 3711 simplex,

108 3701 137 3750 2·
157 3696 183 3749 T
183 3696 347 3750 lemwlOOlssS
359 3711 421 3750 ΝΜ
440 3694 514 3763 ‘Ich‚
530 3694 635 3762 Thema
691 3714 740 3767 das
759 3714 836 3768 Pras.
852 3713 920 3766 oder
939 3713 989 3766 das
1007 3711 1081 3766 Perf.
1096 3730 1130 3766 nu
1148 3716 1251 3768 setzen.

70 3765 204 3832 k0mm0'3
247 3767 297 3820 der
336 3765 467 3847 Lalflissflf
496 3767 638 3848 ,dagegffll
725 3801 767 3839 nte
786 3815 819 3824 -
837 3785 957 3838 amicam
978 3784 1089 3838 trahetis
1106 3780 1193 3836 ‘wirst
1215 3799 1252 3836 au

71 3839 149 3894 setzt
166 3837 217 3892 das
231 3835 320 3904 Pers„
335 3837 400 3892 weil
415 3854 445 3892 er
458 3838 534 3891 belm
547 3837 636 3891 Bnef-
689 3854 744 3909 mir
763 3854 845 3909 einen
865 3886 897 3894 -
916 3854 1028 3908 Freund
1046 3851 1156 3907 haben',

71 3908 225 3965 schreiben
243 3907 305 3962 sich
323 3907 354 3961 in
368 3907 413 3961 die
428 3907 490 3963 Zeit
505 3911 635 3977 venustat,
725 3927 762 3980 ἠδ
784 3927 816 3981 de
840 3927 933 3992 rebus,
959 3925 1016 3994 vgl,
1037 3931 1092 3993 qa
1118 3925 1251 3993 quidnam

71 3997 117 4035 ΠΟ
138 3980 189 4033 (1⁶1
206 3978 289 4033 Brief
308 3995 374 4060 vom
392 3978 566 4049 Empfffnger
589 3996 635 4049 ΒΘ·
688 3999 811 4066 facerent
833 3998 866 4052 de
883 3998 964 4052 retas
981 3997 1048 4051 suis.
1068 4026 1102 4036 -—
1127 4011 1196 4064 quas
1213 4001 1251 4050 te·

69 4051 153 4106 188θῦ
180 4051 295 4136 Ῡθῖἀθῃ
321 4050 400 4103 wnd.
442 4049 552 4105 Ebenffi
581 4057 637 4116 §4
690 4083 751 4123 cum
774 4069 890 4137 colloqui
911 4070 970 4122 uolo
994 4069 1065 4120 statt
1088 4066 1136 4121 des
1160 4067 1251 4136 regel-

69 4124 196 4193 ΜΨ·
689 4137 823 4208 mtssigen
848 4138 1015 4208 dequibus,
1043 4137 1117 4192 deun
1136 4139 1252 4208 colloqui

107 4203 241 4258 omnium·
276 4201 333 4255 Der
351 4199 465 4256 Genitiv
483 4202 585 4271 gehort
603 4219 636 4255 ΖΠ
689 4209 792 4264 nimmt
826 4212 906 4264 sonet
942 4228 994 4262 nur
1031 4208 1080 4262 das
1113 4208 1252 4263 Neutrum

63 4275 202 4345 ΜΝ·
225 4303 259 4314 -·
284 4272 403 4339 Graius,
427 4271 635 4327 altertdmliche
690 4282 740 4335 des
758 4281 929 4334 Pronomens
950 4280 989 4332 im
1007 4280 1107 4333 Aecus.
1127 4297 1161 4334 zu
1180 4278 1250 4336 sich.

69 4345 156 4400 Form
175 4346 209 4399 sl·
231 4344 363 4399 Graecae·
689 4352 785 4408 Allein
807 4353 839 4407 de
862 4353 899 4406 iis
915 4353 1010 4418 rebus,
1032 4367 1102 4420 quus
1124 4351 1163 4405 ist
1186 4351 1251 4406 dem

106 4426 205 4480 domm
222 4423 285 4478 hier
303 4420 429 4478 ‘Haus'=
438 4423 563 4479 Familia.
690 4423 774 4478 Sinne
792 4422 947 4476 nach=de
965 4420 1013 4488 iis,
1034 4438 1114 4491 quae.

692 3429 829 3499 Sprachc,
858 3427 887 3482 in
915 3429 965 3483 der
991 3428 1175 3499 Darstellung
1202 3429 1253 3484 der
