2790 4882
252 272 337 328 XXV.
365 272 397 329 T.
416 272 627 328 POMPONIUS
645 272 807 330 ATTIGUS.
845 272 922 333 cAP.
942 281 985 330 20.
1004 282 1048 331 21.
1175 280 1239 344 173

149 438 202 502 20.
240 435 444 521 Quamquam
468 441 543 502 ante
566 437 647 503 haec
670 439 850 524 sponsalia,
877 461 943 504 non
966 439 1072 504 solum
1100 461 1173 504 cum
1198 440 1239 505 ab

54 527 140 593 urbe
168 527 311 612 abesset,
338 548 505 611 nunquam
534 528 574 592 ad
603 548 735 591 suorum
764 550 958 613 quemquam
986 529 1114 594 litteras
1138 529 1238 614 misit,

57 616 141 702 quin
163 614 277 680 Attico
301 614 462 700 mitteret,
486 615 563 701 quid
587 620 714 701 ageret,
736 617 898 702 imprimis
923 617 1000 702 quid
1024 618 1147 702 legeret
1171 619 1238 703 qui·
1271 663 1273 668 -

56 706 188 790 busque
215 704 250 767 in
273 704 354 769 locis
382 709 415 768 et
438 705 593 789 quamdiu
623 709 708 770 esset
736 711 935 791 moraturus3
963 707 1142 772 sedetiam
1167 724 1273 772 cuma

58 799 150 860 essct
181 795 216 858 in
245 793 325 858 urbe
358 797 391 858 et
420 799 554 879 propter
585 794 729 859 infinitas
763 815 838 859 suas
871 795 1099 880 occupationes
1133 795 1239 860 minus

58 904 175 967 saepe,
213 904 309 967 quam
346 882 459 968 vellet,
498 883 612 948 Attico
647 883 824 968 frueretur,
864 884 974 948 nullus
1013 884 1080 949 dies
1117 888 1239 950 temere

57 973 262 1055 intercessit,
299 992 363 1056 quo
396 993 463 1036 non
495 971 536 1036 ad
569 994 641 1036 eum
674 972 843 1057 scriberet,
880 995 952 1038 cum
986 973 1081 1038 modo
1115 973 1239 1057 aliquid

59 1062 102 1126 de
131 1060 328 1145 antiquitate
356 1061 398 1125 ab
427 1082 464 1125 eo
492 1061 685 1145 requireret,
716 1062 812 1127 modo
841 1062 985 1147 aliquam
1014 1062 1239 1147 quaestionem

58 1149 226 1236 politicam
251 1148 281 1214 ei
303 1153 514 1235 proponeret,
544 1150 708 1215 interdum
730 1150 840 1216 iocans
865 1151 933 1214 eius
957 1151 1159 1217 verbosiores
1184 1151 1240 1216 eli-

59 1243 152 1306 ceret
179 1237 348 1323 epistulas.
393 1237 532 1325 Exque
557 1239 686 1324 accidit,
717 1260 791 1303 cum
818 1239 906 1304 aedis
930 1238 1018 1305 Iovis
1042 1239 1180 1304 Feretrii
1206 1240 1275 1306 ina

61 1326 242 1413 Capitolio,
272 1326 312 1390 ab
336 1326 475 1391 Romulo
505 1328 696 1413 constituta,
723 1330 888 1393 vetustate
916 1334 1013 1414 atque
1036 1329 1162 1393 incuria
1186 1328 1239 1393 de-

59 1420 152 1482 tecta
183 1416 420 1500 prolaberetur,
452 1422 489 1480 ut
515 1416 620 1481 Attici
649 1417 818 1481 admonitu
847 1415 967 1482 Caesar
994 1439 1067 1481 eam
1094 1417 1240 1482 reficien-

59 1506 141 1570 dam
160 1509 296 1570 curaret.
337 1503 452 1589 Neque
474 1527 552 1571 vero
577 1529 596 1570 a
618 1505 661 1571 M.
680 1505 825 1570 Antonio
848 1506 955 1570 minus
979 1507 1096 1571 absens
1118 1506 1240 1570 litteris
1259 1525 1277 1572 4

59 1595 245 1678 colebatur,
269 1593 349 1658 adeo
368 1599 406 1657 ut
426 1599 574 1660 accurate
596 1594 653 1659 ille
677 1616 715 1658 ex
735 1594 859 1659 ultimis
881 1595 992 1678 terris,
1016 1594 1095 1679 quid
1118 1599 1240 1679 ageret,

60 1704 160 1749 curae
189 1683 253 1747 sibi
280 1682 416 1747 baberet
446 1685 616 1749 certiorem
644 1683 749 1748 iacere
773 1681 928 1748 Atticum.
974 1683 1047 1748 Hoc
1069 1683 1165 1767 quale
1189 1684 1276 1768 sit,5

58 1771 192 1838 facilius
221 1771 424 1837 existimabit
450 1773 492 1857 is,
525 1772 581 1858 qui
609 1772 752 1837 iudicare
779 1773 914 1857 poterit,
948 1776 1088 1858 quantae
1116 1773 1161 1836 sit
1189 1795 1239 1837 sa-

60 1862 207 1947 pientiae
240 1883 351 1925 eorum
378 1861 517 1926 retinere
549 1884 645 1926 usum
673 1861 1013 1946 benevolentiamque,
1045 1862 1132 1926 inter
1159 1882 1240 1946 quos

61 1951 279 2015 maximarum
303 1971 411 2014 rerum
429 1972 495 2016 non
515 1949 621 2016 solum
641 1951 832 2035 aemulati0,
856 1950 912 2015 scd
932 1951 1127 2015 obtrectatio
1147 1953 1241 2015 tanta

62 2039 300 2123 intercedebat,
329 2042 485 2123 quantam
507 2039 572 2105 fuit
594 2062 723 2105 necesse
747 2040 833 2105 inter
857 2038 1028 2106 Caesarem
1051 2043 1149 2124 atquc
1172 2039 1241 2103 An-

61 2128 204 2213 tonium,
233 2148 305 2192 cum
333 2149 367 2192 se
396 2132 532 2214 uterque
559 2129 738 2215 principem
766 2150 834 2193 non
861 2129 967 2193 solum
995 2129 1085 2193 urbis
1109 2128 1241 2213 Romae,

63 2217 122 2283 sed
145 2216 233 2282 orbis
256 2220 417 2281 terrarum
441 2239 512 2283 esse
536 2222 675 2302 cuperet.

104 2346 113 2359 ·
155 2324 207 2388 21.
235 2322 309 2388 Tali
332 2324 428 2388 modo
452 2346 525 2389 cum
544 2323 609 2389 VII
632 2327 666 2390 et
687 2322 778 2387 LXX
797 2345 899 2387 annos
924 2322 1120 2407 complesset
1143 2326 1241 2407 atquc

60 2412 106 2478 ad
134 2418 313 2477 extremam
346 2418 546 2478 senectutem
577 2434 643 2478 non
670 2414 778 2478 minus
811 2412 971 2496 dignitate
1003 2433 1101 2496 quam
1134 2412 1241 2497 gratia

61 2503 259 2586 fortunaque
292 2502 447 2567 crevisset
480 2498 616 2589 (multas
647 2502 735 2566 enim
764 2502 963 2566 hereditates
995 2501 1088 2565 nulla
1114 2501 1179 2566 alia
1206 2523 1242 2566 rc

61 2613 165 2676 quam
197 2591 344 2656 bonitate
382 2596 573 2657 consecutus
606 2588 683 2676 est),
719 2593 875 2676 tantaque
911 2590 1130 2676 prosperitate
1163 2612 1266 2655 usus*

60 2684 153 2746 esset
184 2679 394 2766 valetudinis,
427 2685 464 2746 ut
495 2681 588 2746 annis
615 2679 709 2745 XXX
741 2680 902 2746 medicina
932 2700 1000 2744 non
1030 2679 1242 2764 indiguisset:

101 2871 626 2943 20.1.qeamquamisthterebenso
682 2879 756 2926 retur
782 2869 852 2925 ‘sich
882 2889 944 2924 aum
971 2870 1100 2926 Einsturz
1127 2869 1243 2940 neigte’,

64 2942 223 3013 gebraucht
241 2943 294 2998 vvie
316 2951 356 3011 16,
368 2951 396 3011 3,
416 2943 511 2997 indam
526 2960 555 2997 es
572 2944 627 2997 den
681 2941 853 3011 eigentlich?

63 3014 479 3084 vorhergehendenGedanlren
488 3031 557 3084 qaae
564 3031 626 3070 corr·
717 3019 914 3068 carmeiam
932 3011 982 3079 IX,
1001 3018 1027 3081 4,
1040 3017 1064 3067 5.

64 3087 173 3141 bractio
183 3117 215 3126 -
225 3087 434 3155 frequentiorem
447 3085 627 3140 beschrtnlrt.
716 3090 742 3138 4.
765 3086 858 3139 miras
876 3084 978 3153 gehbrt
996 3101 1030 3136 an
1049 3085 1194 3138 colebatur.
1208 3113 1243 3124 —

64 3155 188 3226 Subjekt
209 3156 248 3211 ist
266 3156 463 3227 durchg'atngig
481 3156 627 3212 Octavian.
681 3155 795 3209 Konstr.
805 3156 879 3224 adeo,
893 3161 926 3211 at
939 3156 985 3209 rite
999 3171 1081 3209 curor
1096 3156 1151 3209 sibi
1162 3154 1243 3209 babe-

102 3235 167 3284 orvte
192 3229 258 3283 baec
280 3226 376 3282 ‘echon
400 3225 473 3297 vor',
499 3229 555 3298 vgl.
579 3228 626 3297 IV,
681 3233 723 3282 ret
740 3243 773 3282 aa
786 3228 892 3281 ultimis
909 3227 990 3281 terris
1003 3232 1130 3280 accurate
1149 3227 1242 3281 certio·

67 3307 118 3367 1‚3
138 3305 227 3354 arra.
681 3315 739 3353 rem
754 3299 845 3366 facere
858 3299 931 3364 Ata,
949 3298 1017 3367 qaid
1034 3303 1132 3368 aperet.
1169 3285 1244 3351 liber

103 3387 166 3426 cum
183 3369 237 3424 wie
256 3377 316 3438 24.
682 3371 788 3425 ultimis
806 3387 827 3424 s.
842 3386 875 3421 zu
895 3376 918 3436 l,
930 3375 954 3422 1.
986 3367 1244 3445 Antonqvcrweilte

102 3443 232 3509 mitteret,
259 3440 352 3496 vvobei
379 3444 484 3498 littam
512 3442 628 3497 wieder·
683 3440 791 3495 damals
810 3439 1014 3510 voraugsweise
1032 3439 1062 3492 in
1079 3442 1219 3510 Agypten.

63 3513 130 3568 holt
144 3513 302 3637 zqdenlren
315 3512 365 3581 ist,
379 3515 526 3569 ubersetze
539 3513 629 3568 durch
682 3519 743 3636 mql.
769 3512 831 3567 Hoc
853 3514 932 3580 quate
949 3513 986 3567 sit
1003 3507 1069 3566 ‘was
1088 3512 1139 3566 das
1157 3528 1245 3582 aagen

55 3581 169 3638 ‘schrei
191 3579 246 3640 en’.
711 3582 717 3593 '
748 3578 763 3638 ⁹.

103 3656 203 3724 quibas
226 3657 257 3710 iri
280 3657 346 3710 locis
368 3674 389 3714 s,
408 3674 441 3710 zu
463 3657 574 3726 11·,e,s
597 3658 630 3712 iri
718 3660 837 3724 aeaeae
860 3655 1012 3725 sapientiae
1033 3655 1070 3710 sit
1092 3650 1171 3708 ‘dazu
1195 3671 1244 3724 ge-

59 3728 222 3798 propirrqao
239 3728 303 3783 icco.
682 3722 769 3781 hore’.

103 3814 129 3863 2.
154 3824 236 3876 qaam
253 3808 330 3862 vellet
348 3806 459 3875 wiell,
479 3815 540 3876 4‚3.
718 3799 870 3878 witberte·
886 3814 920 3850 zu
939 3802 999 3865 5,1.
1095 3865 1101 3876 ⁶

103 3879 199 3934 aelios
216 3885 311 3933 terrere
329 3875 418 3932 ‘nicht
435 3877 526 3933 leicht
544 3877 606 3934 ein'.
718 3884 799 3925 usum
807 3864 1244 3922 hler‘freundschafthcherVer·

99 3950 236 4020 patticam
250 3945 332 4004 ‘tiber
357 3948 439 4004 einen
463 3949 630 4021 poetischen
683 3937 775 3994 kehr'-
1087 4008 1094 4020 ,

62 4016 274 4091 Gegenstand'.
718 4011 911 4076 maximarum
936 4026 1027 4065 reram
1058 4026 1112 4063 wie
1143 4008 1244 4077 XVIII,

104 4108 130 4155 3.
163 4117 196 4155 ca
223 4117 275 4170 quo
307 4118 329 4155 s,
352 4118 385 4153 zu
408 4100 473 4169 VH,
498 4107 522 4168 7,
542 4107 567 4156 2,
595 4131 630 4141 ..
686 4087 727 4149 10,
740 4089 767 4137 4.
804 4080 858 4134 Wo
887 4081 1006 4135 standan
1033 4080 1122 4135 achon
1153 4097 1244 4136 amaa-

67 4171 213 4227 Verbinde
236 4173 351 4240 accidit,
376 4178 421 4239 ut,
450 4189 470 4229 s,
495 4190 539 4226 au·
555 4171 621 4226 X1v
684 4153 751 4208 latio
782 4152 840 4206 und
872 4154 1028 4207 obtrectatio
1059 4151 1091 4205 in
1119 4151 1246 4221 gleicher

35 4250 93 4317 .1=
109 4250 135 4298 2·
159 4273 193 4283 -
216 4245 305 4310 aerim,
329 4243 432 4298 andere
455 4243 538 4316 Form
560 4215 631 4297 statt
684 4224 996 4311 Zusammenstellungr
1086 4251 1089 4258 .

60 4316 155 4370 41θᾶ38.
179 4344 214 4354 -
238 4316 314 4370 ordis
337 4316 369 4370 ire
391 4315 526 4384 Capitolio
552 4333 573 4370 s.
597 4332 631 4368 zu
720 4301 865 4365 quartam,
885 4296 969 4352 namt.
983 4295 1153 4351 antecedere.

67 4385 133 4454 XX,
153 4391 206 4453 3,3
225 4402 313 4441 arcem
328 4387 485 4458 Syracosia
505 4387 557 4456 III,
578 4392 629 4454 a‚1
720 4383 770 4439 21.
791 4390 814 4439 1.
834 4385 968 4454 diqrritote
980 4382 1035 4438 vvie
1048 4383 1087 4453 II,
1105 4389 1169 4453 8,a;
1187 4384 1245 4453 sor·
1272 4394 1273 4398 ’

58 4474 165 4528 papae
183 4458 260 4526 apori
277 4457 428 4513 Salamias.
449 4489 483 4499 -
504 4460 630 4530 melote·
684 4462 754 4512 tarra
773 4473 793 4511 s.
808 4472 842 4508 zu
861 4460 902 4522 14,
913 4460 938 4512 2.
