2790 4882
126 252 189 317 120
437 208 537 300 xvur
566 243 751 322 ronanus
789 243 993 301 orr.n.1a

123 415 175 476 tot
193 430 295 474 annos
320 409 400 474 adeo
420 410 530 474 essent
553 408 638 472 male
657 407 777 492 habiti,
800 412 838 471 ut
857 429 952 491 saepe
976 407 1017 471 ad
1041 407 1306 492 desperationem

86 516 103 564 2
122 500 231 564 forent
250 497 394 583 adducti,
417 499 536 582 quique
556 497 715 561 maximos
736 496 831 561 duces
850 496 1083 580 interfecisset,
1107 497 1247 582 denique
1272 498 1307 563 in

123 610 187 673 quo
211 608 276 652 uno
299 591 430 652 tantum
454 590 553 670 esset,
576 590 627 670 ut,
652 584 758 670 quoad
776 585 832 650 ille
854 585 993 670 vrveret,
1015 585 1080 668 ipsi
1103 587 1209 651 securi
1233 608 1308 651 esse

122 699 189 742 non
207 679 354 761 possent,
377 675 548 741 interfecto
567 673 650 738 nihil
670 674 815 739 habituri
834 675 960 757 negotii
979 680 1102 739 essent:
1125 678 1309 761 postremo,

123 765 151 831 si
174 765 225 830 illi
247 764 397 829 redderet
420 764 572 844 salutem,
596 763 809 847 quaerebant,
838 762 956 846 quibus
980 762 1093 828 amicis
1117 768 1206 829 esset
1229 786 1306 829 usu·

87 871 192 939 arus,
224 875 294 918 sese
323 853 409 918 enim
442 873 515 917 cum
542 851 689 916 Eumene
722 852 808 936 apud
841 873 913 916 euni
947 873 1011 916 non
1039 851 1178 917 futuros.
1230 853 1308 939 Hic,

123 942 255 1029 cognita
286 942 415 1007 consilii
447 942 632 1024 volunt-ate,
663 944 775 1005 tamen
803 962 905 1025 usque
939 941 980 1005 ad
1008 941 1185 1026 septimum
1218 941 1307 1007 diem

123 1030 323 1095 deliberandi
346 1030 410 1094 sibi
434 1029 578 1113 spatium
600 1028 744 1114 reliquit.
784 1028 868 1093 Tum
887 1032 997 1094 autem
1004 1080 1013 1113 ,
1037 1051 1109 1094 oum
1128 1030 1195 1094 iam
1215 1052 1307 1096 vere·

124 1124 225 1203 retur,
253 1140 294 1183 ne
318 1141 383 1203 qua
405 1117 523 1183 seditio
548 1117 707 1182 exercitus
732 1118 884 1202 oriretur,
912 1118 1018 1183 vetuit
1042 1140 1240 1203 quemquam
1266 1120 1309 1186 ad

124 1229 197 1274 eum
221 1207 352 1272 admitti
376 1211 409 1273 et
431 1207 633 1272 cotidianum
655 1207 777 1271 victum
801 1207 962 1272 removeri
985 1207 1089 1271 iussit.
1135 1206 1223 1272 Nam
1249 1231 1306 1274 ne-

87 1297 225 1383 tgabat
249 1318 283 1361 se
303 1296 333 1360 ei
351 1297 417 1361 vim
442 1296 633 1380 allaturum,
657 1296 709 1360 cui
727 1295 901 1380 aliquando
925 1295 1043 1362 fuisset
1066 1296 1200 1362 amicus.
1242 1297 1309 1362 Hic

124 1390 234 1450 tamen
256 1407 322 1449 non
346 1385 487 1470 amplius
512 1407 608 1470 quam
631 1385 775 1449 triduum
799 1385 883 1449 fame
906 1383 1078 1469 fatigatus,
1102 1407 1176 1449 cum
1197 1389 1310 1452 castra

124 1478 345 1558 moverentur,
367 1475 524 1538 insciente
548 1473 715 1558 Antigono
738 1473 906 1559 iugulatus
930 1478 980 1538 est
1003 1496 1022 1537 a
1047 1474 1248 1540 custodibus.

217 1581 267 1646 13.
304 1578 357 1645 Sic
380 1578 543 1645 Eumenes
567 1601 724 1644 annorum
744 1577 776 1645 V
795 1584 827 1643 et
849 1578 921 1661 XL,
945 1601 1019 1644 cum
1043 1579 1084 1643 ab
1108 1602 1194 1645 anno
1219 1581 1308 1647 vice·

124 1670 222 1754 simo,
252 1669 302 1734 uti
325 1691 425 1753 supra
448 1668 665 1753 ostendimus,
690 1667 754 1732 VII
778 1689 879 1732 annos
904 1667 1057 1752 Philippo
1087 1669 1311 1755 apparuisset,

123 1757 206 1822 XIII
238 1757 324 1842 apud
357 1757 578 1823 Alexandrum
615 1757 752 1822 eundem
788 1756 895 1822 locum
933 1757 1147 1843 obtinuisset,
1184 1758 1219 1823 in
1254 1759 1310 1823 his

125 1869 226 1912 unum
251 1847 397 1930 equitum
422 1847 493 1911 alae
516 1845 725 1930 praefuisset,
753 1849 830 1930 post
853 1848 962 1910 autem
986 1844 1165 1911 Alexandri
1189 1847 1309 1932 Magni

124 1940 264 2000 mortem
286 1935 466 2020 imperator
486 1935 647 2000 exercitus
672 1934 819 1999 duxisset
837 1956 1046 2019 summosque
1066 1935 1162 1999 duces
1182 1938 1309 2021 partim

124 2023 333 2109 reppulisset,
362 2024 482 2108 partim
505 2023 734 2108 interfecisset,
763 2027 878 2107 captus
900 2045 967 2087 non
991 2023 1151 2109 Antigoni
1174 2025 1310 2109 virtute,

89 2112 183 2182 ased
206 2111 419 2178 Macedonum
447 2112 590 2197 periurio
617 2112 719 2176 talem
745 2111 862 2177 habuit
886 2112 1008 2177 exitum
1031 2113 1129 2178 ritae.
1175 2114 1216 2178 In
1240 2137 1310 2199 quo

125 2196 248 2286 quanta
282 2201 426 2266 omnium
459 2201 558 2266 fuerit
591 2201 700 2285 opinio
734 2223 860 2284 eorum,
893 2202 947 2285 qui
975 2204 1052 2285 post
1080 2199 1309 2268 Alexandrum

124 2289 281 2375 Magnum
300 2312 392 2377 reges
417 2293 493 2355 sunt
513 2290 684 2375 appellati,
708 2310 747 2354 ex
765 2290 828 2355 hoc
846 2288 1002 2354 facillime
1025 2293 1135 2374 potest
1158 2291 1310 2376 iudicari,

119 2476 282 2551 ‘vollzogen
304 2484 418 2537 worden
438 2478 499 2538 sei'.
520 2514 554 2524 -
578 2480 685 2536 Betone
739 2487 792 2537 rat.
821 2480 861 2549 ll,
881 2487 932 2549 5,2
951 2497 1073 2537 reuersas
1091 2488 1139 2539 est.
1166 2481 1232 2551 XII,
1253 2491 1325 2552 3,3⁴

124 2554 157 2607 de
175 2569 218 2619 co,
237 2552 302 2606 weil
321 2569 350 2607 es
369 2553 420 2606 auf
435 2552 481 2608 dle
501 2552 562 2607 drei
575 2552 684 2622 folgen·
739 2553 897 2607 aaronem.
913 2584 946 2592 —-
965 2555 1171 2623 deputatam
1190 2555 1230 2620 ΙΙ,
1246 2562 1272 2624 6,
1281 2562 1308 2612 2.

125 2623 180 2678 den
198 2622 388 2678 Relativsatze
406 2622 546 2678 hinweist.
775 2628 800 2677 4.
823 2624 943 2693 fctipare
960 2623 1023 2678 hier
1040 2620 1175 2693 ‘qualen’.

160 2695 229 2749 male
253 2695 351 2749 trabere
376 2694 494 2762 aliquem
514 2689 686 2763 ‘jemandem
776 2700 867 2748 canra
885 2701 1054 2750 morerentur
1077 2694 1130 2750 wie
1148 2695 1223 2764 XIV,
1244 2703 1269 2765 8,
1282 2704 1306 2754 4.

125 2765 191 2818 libel
208 2759 393 2836 mitspiolen'.
413 2795 447 2805 -
464 2766 555 2832 forent
573 2765 687 2821 addocti
776 2766 906 2820 insciente
932 2783 953 2820 s.
973 2783 1007 2819 zu
1030 2765 1080 2832 lX,
1101 2772 1152 2834 al
1178 2768 1310 2825 Tiribazo
1333 2781 1336 2786 '

126 2854 147 2891 s.
167 2852 200 2888 zu
219 2835 270 2903 VI,
294 2841 351 2903 3,5
373 2836 528 2892 iudicatum
548 2837 626 2905 foret.
653 2867 686 2877 -
741 2837 839 2891 sciente
858 2854 896 2890 aa
915 2838 1093 2906 imprudente.

125 2908 380 3001 ψψψωχ
657 2921 667 3000 )
777 2924 1308 2982 mimmmmmn

75 3040 77 3042 .
160 2992 185 3040 2·
214 2987 328 3056 droam
346 3003 399 3041 ww
418 2985 495 3056 XVI,
515 2993 540 3055 4,
552 2995 577 3043 3·
597 3019 629 3028 -
655 3005 687 3042 111
741 2997 923 3051 verdnderter
949 2997 1172 3066 Redewendung
1198 2998 1308 3053 wieder

124 3059 217 3128 almae
239 3064 277 3114 cst
299 3065 408 3114 tontum
422 3055 548 3141 ‘jemand
571 3057 610 3114 ist
632 3075 687 3113 von
740 3066 966 3137 ausgenommen,
985 3097 1018 3108 ..
1034 3068 1184 3136 Eumenes,
1208 3069 1306 3124 predi.

124 3145 155 3183 so
178 3127 283 3197 grosser
304 3127 493 3200 Bedeutung’,
522 3131 638 3200 ergentl.
657 3146 686 3184 es
740 3137 792 3193 kat
809 3141 890 3194 talem
907 3140 1004 3194 habuit
1022 3139 1125 3194 exitum
1143 3141 1223 3196 vitae,

125 3200 219 3256 sbeckb
236 3200 266 3254 in
284 3199 344 3254 ihm
362 3218 393 3255 so
411 3200 477 3256 viel.
776 3227 913 3265 annorum
933 3210 959 3264 V
978 3216 1003 3264 et
1026 3208 1082 3264 XL
1110 3227 1131 3264 s.
1156 3229 1191 3264 zu
1218 3211 1308 3280 XVII,

160 3273 312 3341 iuterfecto,
337 3272 387 3326 das
407 3271 527 3342 SubJelxt
551 3272 622 3326 datu
646 3289 687 3326 er·
741 3286 793 3349 &a
812 3297 950 3336 annosum
966 3281 1089 3336 LXXX,

125 3347 212 3411 gtnze
238 3359 287 3395 aus
312 3345 403 3412 quoad
427 3345 472 3398 tue
494 3344 606 3412 monn,
629 3360 686 3398 wo·
776 3368 875 3421 sopra,
894 3368 931 3405 an
949 3352 1069 3405 welcher
1089 3352 1196 3407 Stelle?

124 3412 170 3465 fur
193 3413 266 3466 auch
290 3413 389 3466 stehen
411 3414 517 3469 lronnte
541 3413 591 3469 illo
611 3413 687 3471 vivo.
776 3439 908 3492 apparere
935 3424 1024 3478 alteus·
1040 3419 1174 3491 ‘dienen',
1203 3424 1305 3479 beson-

125 3513 160 3523 -
187 3483 258 3537 nibil
285 3485 387 3553 capotii
413 3484 469 3554 vgl.
493 3487 553 3540 ane
579 3487 685 3556 nepotio
741 3493 805 3548 ders
822 3493 871 3549 bei
885 3492 963 3548 einer
977 3493 1217 3564 obrigkeitlichen
1236 3493 1309 3551 oder

124 3552 215 3620 XVII,
235 3558 259 3621 5,
270 3559 295 3607 4.
741 3565 846 3618 andern
864 3564 1093 3634 hochgestellten
1112 3565 1225 3621 Person.

159 3625 281 3680 redderet
324 3625 439 3680 salutem
488 3624 547 3680 ‘das
592 3627 687 3682 Leben
776 3637 809 3690 in
825 3638 883 3704 aas,
906 3637 990 3691 nnml,
1004 3636 1142 3692 tredecim
1160 3637 1249 3693 annis.

125 3692 283 3764 sohenlxte’,
320 3697 459 3752 nachdcm
491 3712 520 3752 cs
553 3697 687 3752 verwirkt
772 3714 836 3777 poet
862 3715 966 3775 autem,
995 3724 1024 3762 es
1049 3706 1087 3762 ist
1114 3708 1218 3776 selten,
1248 3708 1308 3763 dass

125 3785 190 3823 war·
438 3835 460 3856 μ
741 3776 804 3832 cine
817 3778 1013 3849 Konjunktion
1027 3778 1168 3835 zwischen
1182 3779 1228 3834 die
1238 3781 1305 3834 Pra-

160 3841 203 3895 att
220 3840 313 3910 aliquo
335 3841 424 3895 amico
447 3840 601 3909 jemanden
624 3857 688 3894 111111
761 3849 867 3906 osition
899 3850 958 3903 und
991 3850 1041 3904 das
1069 3851 1140 3905 dazu
1167 3851 1308 3921 geborige

124 3910 251 3966 Freunde
279 3907 393 3968 haben’'¹
422 3941 456 3952 -
487 3927 542 3967 sese
569 3942 603 3952 -
629 3928 687 3967 uon
740 3868 906 3976 §ubstantiv
925 3922 997 3975 tritt,

25 4048 29 4058 ,
122 3983 246 4063 sulm,
271 3999 372 4037 wovon
399 3982 489 4052 hdflgi
517 3983 567 4036 dflr
593 3999 686 4038 aee1¹³·
775 4009 893 4048 summos
910 3994 991 4048 doces
1009 3991 1062 4047 wie
1082 3992 1147 4060 Vll,
1168 3999 1191 4060 1,
1205 4000 1231 4048 2.

125 4069 148 4107 0·
168 4053 217 4108 lnf·
237 4053 291 4107 ab?
320 4071 341 4108 1.
363 4071 396 4107 111
424 4053 449 4122 Ι,
475 4061 529 4121 1,3
552 4069 686 4124 browero
775 4066 950 4134 reppulisset,
984 4080 1014 4118 er
1041 4080 1099 4117 war
1126 4064 1226 4118 immet·
1254 4065 1306 4120 der

124 4126 232 4193 futuro.
739 4133 946 4204 Angegriffene.

160 4211 185 4260 3.
210 4206 338 4272 oriretur,
356 4203 409 4259 wie
428 4205 519 4259 lautet
538 4203 583 4258 die
602 4204 685 4258 Fonn
775 4212 801 4259 2.
828 4207 866 4259 In
884 4221 937 4287 quo
960 4211 1066 4275 quanta
1090 4207 1176 4275 fuerit
1199 4209 1306 4276 opinio,

124 4275 321 4344 gewohnlich?
350 4307 384 4317 -
411 4275 446 4333 N.
474 4277 526 4330 hat
552 4276 685 4330 manches
740 4275 793 4346 eig.
814 4275 864 4329 auf
884 4277 944 4330 rhm
961 4278 1057 4345 ruhte,
1081 4277 1108 4332 d.
1128 4276 1145 4329 i.
1160 4272 1229 4332 ‘alle
1248 4295 1305 4332 von

124 4345 684 4415 EigentlimlicheindenVerbalformen,
738 4346 798 4400 ihm
825 4344 951 4416 hegten’.
988 4348 1053 4416 Vgl.
1081 4347 1158 4412 XlX‚
1184 4354 1242 4416 4,4
1272 4351 1305 4403 irs

124 4416 182 4486 vgl.
201 4417 249 4486 IV,
268 4424 320 4486 2,4
337 4420 405 4485 face.
426 4419 504 4487 Vlll,
525 4425 575 4486 1,5
589 4435 685 4487 porse·
738 4419 910 4474 hortantum
924 4420 1088 4487 suffodiam
1106 4421 1303 4476 multitudinis.
