2790 4882
435 267 468 322 x.
497 266 593 321 mou
632 266 712 324 cre.
734 275 757 323 c.
779 277 803 325 c.
823 276 847 324 a.
1188 275 1231 341 65

35 455 186 519 quorum
216 453 374 496 consensu
402 434 552 515 praeerat
581 431 692 516 classi,
720 454 792 496 cum
818 432 903 497 Dion
932 433 1108 498 exercitum
1137 433 1231 518 pede·

37 527 149 588 strem
178 523 314 586 teneret.
359 517 436 583 Non
464 519 542 584 tulit
569 520 632 583 hoc
646 519 769 584 ‘animo
798 542 901 604 aequo
927 521 1012 586 Dion
1040 527 1073 587 et
1100 536 1267 588 versumt

40 611 143 676 illum
162 609 300 674 Homeri
324 608 454 673 rettulit
474 631 513 672 er
533 607 673 672 secunda
696 609 887 695 rhapsodia,
910 611 944 674 in
968 631 1032 694 quo
1055 611 1135 675 haee
1158 633 1230 676 sen-

42 699 156 764 tentia
186 701 250 763 est:
278 719 344 762 non
371 718 468 781 posse
495 698 573 761 bene
597 697 668 782 geri
691 718 759 761 rem
782 698 946 782 publicam
971 699 1148 764 multorum
1171 700 1230 765 im-

44 787 159 874 periis.
211 786 304 862 Quod
337 786 459 850 dictum
490 807 610 870 magna
639 785 763 850 invidia
793 791 966 852 consecuta
996 791 1059 872 est3
1091 811 1231 874 namque

44 877 217 962 aperuisse
240 874 413 941 videbatur
438 874 547 938 omnia
574 874 609 937 in
632 895 692 938 sua
714 878 878 959 potestate
906 897 977 941 esse
1001 877 1092 941 velle.
1139 877 1267 943 Hence

45 966 106 1030 ille
138 986 206 1029 non
238 964 341 1028 lenire
375 963 547 1047 obsequie,
587 963 644 1027 sed
677 963 855 1028 acerbitate
893 963 1074 1049 opprimere
1107 965 1233 1030 studuit

47 1053 337 1137 Heraclidemque,
357 1074 430 1116 cum
446 1050 622 1134 Syracusas
642 1052 799 1137 venisset,
817 1053 1078 1118 interficiundum
1098 1055 1232 1119 curavit.

141 1162 171 1226 l.
195 1158 290 1236 Quod
307 1158 430 1223 factum
446 1158 596 1222 omnibus
611 1158 790 1222 maximum
804 1158 956 1223 timorem
970 1159 1090 1226 iniecit.
1126 1157 1231 1225 Nemo

51 1251 138 1314 enim
161 1248 221 1313 illo
245 1247 418 1311 interfecto
444 1268 478 1310 se
502 1250 611 1311 tutum
634 1246 782 1332 putabat.
828 1247 889 1312 Ille
913 1252 1022 1312 autem
1047 1249 1232 1313 adversario

52 1343 179 1403 remoto
199 1337 352 1401 licentius
373 1357 485 1400 eorum
504 1335 603 1420 bona,
623 1356 703 1420 quos
718 1335 844 1400 sciebat
863 1335 1018 1401 adversus
1034 1359 1069 1400 se
1084 1339 1233 1421 sensisse,

53 1426 214 1492 militibus
247 1424 451 1509 dispertivit
493 1423 617 1500 Quibus
648 1423 776 1508 divisis,
809 1446 881 1488 cum
912 1425 1067 1490 cotidiani
1097 1426 1266 1491 maximio

53 1517 167 1580 fierent
196 1518 360 1598 sumptus,
389 1512 536 1578 celeriter
563 1512 700 1596 pecunia
729 1512 840 1577 deesse
869 1514 989 1599 coepit,
1022 1536 1140 1599 neque,
1169 1536 1232 1599 quo

56 1626 167 1669 manus
191 1605 390 1688 porrigeret,
414 1602 623 1686 suppetebat,
650 1600 714 1664 nisi
737 1601 772 1663 in
797 1602 974 1665 amicorum
997 1604 1232 1687 possessiones.

57 1693 90 1758 Id
123 1692 285 1758 eiusmodi
317 1695 400 1774 erat,
437 1695 487 1774 ut,
521 1711 592 1754 curn
626 1689 748 1754 milites
781 1690 1034 1776 reconciliasset,
1067 1692 1233 1756 amitteret

58 1781 240 1864 optimates.
286 1778 428 1855 Quarum
451 1801 559 1843 rerum
584 1801 661 1843 cura
682 1777 895 1862 frangebatur
918 1783 952 1843 et
974 1780 1121 1845 insuetus
1145 1781 1230 1845 male
1251 1796 1268 1843 3

59 1870 205 1936 audiendi
231 1890 298 1934 non
326 1869 434 1933 animo
464 1889 566 1952 aequo
595 1867 721 1932 ferebat
749 1867 787 1931 de
816 1889 850 1931 se
878 1868 919 1932 ab
947 1869 988 1933 iis
1013 1868 1096 1933 male
1120 1869 1232 1934 existi-

60 1961 149 2044 mari,
179 1980 319 2044 quorum
348 1957 448 2042 paulo
479 1961 555 2022 ente
584 1957 620 2020 in
648 1957 774 2021 caelum
803 1955 910 2021 fuerat
938 1957 1045 2022 elatus
1073 1958 1232 2022 laudibus.

60 2047 183 2132 Vulgus
216 2050 340 2131 autem,
377 2045 500 2110 offensa
533 2047 568 2109 in
599 2068 672 2110 eum
705 2045 848 2111 militum
880 2046 1064 2132 voluntate,
1097 2047 1231 2112 liberius

61 2137 249 2221 loquebatur
271 2140 304 2200 et
326 2141 500 2218 tyrannum
524 2156 590 2199 non
613 2133 781 2199 ferendum
805 2134 988 2200 dictitabat.

143 2243 173 2308 8.
196 2239 288 2307 Haec
306 2242 362 2306 ille
380 2242 512 2306 intuens
531 2263 619 2326 cum,
639 2240 910 2326 quemadmodum
930 2241 1071 2326 sedaret,
1093 2243 1233 2306 nesciret

63 2335 102 2416 et,
120 2353 274 2416 quorsum
295 2331 484 2415 evaderent,
502 2331 647 2413 timeret,
667 2327 856 2394 callicrates
871 2329 1017 2414 quidam,
1036 2330 1116 2395 civis
1132 2330 1232 2395 Athe·

62 2420 190 2505 niensis,
213 2419 270 2505 qui
293 2420 391 2484 simul
415 2441 487 2483 cum
507 2441 545 2483 eo
565 2441 603 2483 er
622 2417 846 2502 Peloponneso
869 2419 905 2481 in
924 2416 1067 2483 Siciliam
1091 2423 1233 2502 venerat,

62 2508 152 2575 homo
176 2514 209 2574 et
233 2508 368 2574 callidus
393 2513 426 2573 et
449 2508 490 2572 ad
513 2507 660 2572 fraudem
684 2511 815 2592 acutus,
838 2506 907 2571 sine
931 2508 1000 2572 ulla
1018 2506 1176 2591 religione
1196 2530 1233 2573 ac

93 2717 159 2773 Was
176 2717 260 2773 heiilt
283 2720 415 2774 exercitia
433 2719 556 2787 pedester
578 2717 618 2770 im
672 2717 750 2786 dung
768 2719 817 2772 des
831 2716 996 2772 Heraclides
1016 2717 1077 2771 sich
1095 2718 1168 2771 auch
1182 2717 1233 2771 das

63 2787 214 2860 (legensatc
233 2807 267 2843 zu
286 2791 397 2844 classis?
671 2788 746 2841 Heer
766 2787 944 2843 entfremdet.

94 2868 117 2917 4.
135 2863 229 2916 animo
243 2878 340 2930 aequo,
357 2861 397 2914 im
410 2861 443 2917 D.
460 2859 514 2914 cin
528 2860 617 2914 Wort.
707 2875 791 2927 oeque
826 2861 997 2927 suppetebat,
1034 2876 1086 2928 quo
1123 2858 1234 2926 ‘nichts,

64 2962 93 2972 -
110 2939 135 2987 ct
152 2950 174 2988 s.
189 2950 222 2985 zu
241 2931 346 2999 XVlIl,
366 2939 418 3000 4,3
437 2933 540 2985 occinit
558 2937 591 2985 et.
672 2926 807 2996 wonuch',
826 2929 882 2998 vgl.
901 2947 986 2998 oeque
1003 2932 1097 2996 fecisse
1115 2930 1154 2997 II,
1174 2939 1197 2999 7,
1209 2939 1234 2985 4.

92 3004 197 3060 rettulit
219 3001 326 3056 ‘fiihrte
354 3001 407 3069 an'3
440 3019 473 3057 ecc
500 3002 619 3056 secunde
708 3001 840 3055 ammoto·
862 3007 921 3054 erut
943 2999 1036 3054 ‘hetto
1059 3000 1105 3054 die
1127 2999 1233 3070 Folge',

63 3075 218 3145 rhapsodia,
233 3074 284 3128 der
293 3073 359 3128 Ilias
370 3076 405 3142 (v.
414 3075 477 3143 204)
488 3068 540 3128 cie
551 3068 618 3142 ἀγα·
673 3069 845 3142 cigentlich?

63 3142 114 3200 iiic
122 3143 388 3214 recisamentis-sic
397 3146 531 3214 κοίρανος
541 3141 617 3198 ἔστω.
709 3150 733 3197 3.
760 3143 942 3213 frenpebuter
959 3141 1013 3196 wie
1036 3141 1074 3210 II,
1097 3147 1147 3208 1,3
1165 3157 1235 3210 qaae

64 3211 196 3272 ‘Niemals
210 3216 326 3270 frommt
339 3214 565 3271 Vielherrschaft
579 3214 619 3268 im
673 3214 836 3268 contumelia
853 3230 911 3267 ucri
927 3214 1010 3284 [repit
1028 3230 1095 3267 eun.

63 3285 145 3354 Volk;
162 3304 217 3340 nur
234 3286 312 3342 einer
331 3286 372 3342 sei
390 3281 571 3341 Herrschert’
708 3285 778 3339 maie
800 3285 897 3339 audire
915 3272 1014 3338 ‘Ubles
1032 3300 1090 3338 von
1105 3282 1166 3337 sich
1184 3283 1234 3338 ho-

93 3359 215 3414 iooidiac
232 3375 254 3413 s.
269 3376 303 3411 zu
322 3365 346 3427 4,
357 3365 382 3414 2.
673 3355 739 3423 ren’,
757 3354 783 3408 d.
793 3353 860 3408 i.‘in
874 3355 970 3426 iiblcm
983 3354 1055 3409 Rufe
1070 3350 1190 3410 stehen’,
1201 3387 1234 3395 -

93 3431 169 3497 celle,
195 3428 332 3498 Subjelrt‘?
356 3447 377 3486 s.
398 3446 432 3483 zu
450 3429 475 3496 I,
495 3434 548 3496 at
566 3444 620 3484 sese
673 3427 743 3481 maie
760 3427 916 3481 existimare
932 3415 1033 3482 ‘Ubles
1053 3425 1182 3482 denken’.

62 3501 204 3556 dedicare.
707 3499 801 3565 fucat
818 3499 906 3553 elutus
928 3516 950 3553 s.
970 3516 1003 3551 zu
1020 3498 1054 3566 V,
1074 3504 1125 3565 at
1144 3500 1237 3566 fuerat

95 3577 117 3626 o.
141 3569 619 3640 Haec,ntiml.invidiam.-iriter·
674 3574 804 3624 cesatus.

63 3643 211 3710 incudm
239 3643 346 3715 curavit
376 3640 431 3696 wie
462 3642 621 3709 reficiendos
710 3640 1003 3707 offense—coicetate
1022 3635 1235 3710 (‘Stimmung')
1271 3668 1273 3672 ·

64 3720 139 3770 mai
159 3711 211 3782 IX,
232 3719 292 3780 4,5.
674 3711 734 3764 lose
753 3711 843 3765 durch
860 3707 899 3763 ‘so
911 3707 973 3791 'oft'
993 3710 1047 3765 auf.

95 3802 123 3858 7.
161 3809 186 3857 1.
219 3803 347 3858 licentius
373 3801 520 3855 fibersetre
547 3800 621 3854 nach
711 3779 1236 3862 lOthfll1⁴YW10VII‚⁷=2·-⁶iissit·

63 3871 303 3942 derBemerkung
322 3873 483 3928 suitberr'ece
501 3871 538 3940 II,
561 3878 584 3939 1,
595 3877 620 3926 2.
675 3854 753 3908 labat
774 3869 827 3906 W¹⁰
846 3851 897 3918 VI,
919 3858 982 3918 1,4;
1010 3867 1067 3906 mm
1083 3851 1235 3919 selendum,

93 3961 161 4014 quos
177 3945 280 3999 sciebat
302 3961 324 3998 s.
343 3960 377 3996 zu
395 3959 479 4012 quem
496 3959 553 3998 nco
571 3943 621 3997 dc
674 3923 759 3977 nim]-
780 3939 848 3978 ⁰⁸⁸0·

63 4014 230 4080 tiebatVI,
246 4015 491 4082 3‚5.-ecicersrcs
505 4015 622 4082 aliquem
711 4011 739 4066 8.
770 4017 792 4065 1.
816 4010 1030 4077 Haeciotuens,
1046 4010 1235 4080 vglireecre·

62 4089 158 4142 entire
176 4084 327 4140 ‘feindlich
344 4083 459 4154 gesinnt
476 4082 553 4138 sein’.
675 4084 792 4152 epiricus
805 4081 826 4148 1,
836 4087 893 4149 8,4.
916 4081 1003 4149 Haec,
1018 4080 1070 4136 ui.
1080 4081 1135 4134 den
1144 4098 1236 4151 gegen

94 4163 119 4214 2.
141 4157 278 4212 cotidiani
290 4163 428 4226 temptes,
446 4155 572 4208 nitmlich
586 4171 622 4208 an
675 4153 726 4207 ihn
742 4154 872 4220 erregten
885 4151 1038 4220 Unwillen,
1058 4151 1150 4207 denke
1164 4152 1236 4206 euch

62 4224 245 4282 doschenlren
258 4227 304 4281 fiir
314 4226 360 4281 die
371 4225 515 4280 Soldaten.
540 4225 622 4280 Denn
676 4224 717 4278 als
737 4223 842 4293 Objekt
858 4241 893 4277 au
910 4223 1016 4277 sedaret
1033 4223 1091 4276 und
1110 4223 1151 4277 als
1167 4222 1236 4278 Sub-

62 4296 163 4353 einmal
186 4297 276 4353 demit
297 4299 459 4368 begonnen,
482 4295 542 4351 liell
561 4295 623 4350 sich
673 4294 738 4365 jekt
755 4313 789 4348 zu
807 4296 928 4350 ecoimt
945 4288 1175 4348 ‘hinausleufen’.

63 4369 168 4424 schwer
189 4368 296 4423 wieder
318 4367 466 4424 eufhtren.
504 4367 568 4421 Wie
592 4383 622 4421 es
711 4373 810 4422 acutus
827 4361 1010 4434 ‘abgefeimt’.
1033 4396 1068 4406 —
1094 4367 1154 4420 sine
1178 4366 1237 4420 eila

63 4439 182 4509 scheint,
201 4439 282 4494 hatte
299 4455 329 4494 er
348 4439 436 4494 durch
451 4437 497 4493 die
510 4437 621 4492 Ermer-
675 4438 805 4508 reiipiorce
819 4453 853 4492 ac
864 4437 930 4505 fide,
947 4435 1135 4492 adverbielles
1150 4436 1239 4491 Aure

113 4547 190 4592 corr.
203 4548 293 4591 Nasos.
1009 4533 1025 4581 b
