2790 4882
221 328 225 339 1
254 261 341 317 XXV.
370 261 401 318 Τ.
420 261 629 318 POMPONIUS
648 262 810 318 ATTIGUS.
847 262 925 322 CAP.
946 271 1049 321 10.11.
1172 270 1235 335 163

58 426 161 491 misit.
213 424 266 490 Sic
296 424 427 490 Atticus
460 427 494 490 in
527 447 654 491 summo
685 427 803 492 timore
835 449 901 492 non
933 429 1040 494 solum
1072 429 1149 513 sibi,
1181 431 1272 496 sedo

60 515 162 580 etiam
191 514 234 599 ei,
267 536 362 599 quem
394 515 598 580 carissimum
627 514 782 601 habebat,
814 517 976 600 praesidio
1003 517 1075 583 fuit.
1123 516 1236 602 Neque

59 604 147 671 enim
172 626 249 669 suae
273 604 380 668 solum
400 627 419 667 a
438 626 601 690 quoquam
625 604 782 668 auxilium
806 605 903 687 petiit
926 605 1056 692 salutis,
1078 611 1116 671 ut
1139 629 1236 692 appa-

58 697 148 759 reret
176 693 301 758 nullam
330 692 509 758 seiunctam
537 693 600 757 sibi
627 693 669 757 ab
697 715 735 758 eo
758 695 843 759 velle
870 693 1045 761 fortunam.
1091 695 1185 772 Quod
1207 698 1270 762 sis

59 783 262 868 gubernator
284 781 459 867 praecipua
481 781 576 846 laude
598 781 715 866 fertur,
739 782 929 866 quinarem
949 784 1114 850 exhieme
1137 786 1235 850 mari·

58 894 123 956 que
143 872 316 954 scopuloso
336 875 457 936 servat:
481 892 538 936 aur
555 892 621 936 non
641 871 815 956 singularis
839 872 909 937 eius
933 873 1137 939 existimetur
1159 897 1235 959 pru·

58 961 185 1042 dantia,
216 960 272 1045 qui
296 981 335 1023 ex
360 963 566 1044 tollamque
594 960 748 1046 gravibus
772 961 924 1046 procellis
947 961 1098 1028 civilibus
1122 963 1163 1028 ad
1186 963 1234 1028 in-

57 1049 285 1115 columitatem
309 1049 481 1134 pervenit?

151 1157 201 1221 11.
226 1155 350 1232 Quibus
370 1177 408 1220 ex
428 1155 523 1219 malis
542 1159 579 1219 ut
598 1176 632 1219 se
651 1156 797 1241 emersit,
819 1156 902 1221 nihil
921 1157 1011 1221 aliud
1030 1157 1114 1243 egit,
1137 1180 1234 1244 quam

56 1248 96 1310 nt
124 1245 289 1330 plurimis,
321 1245 439 1328 quibus
469 1244 565 1308 rebus
596 1248 722 1329 posset,
755 1250 841 1310 esset
869 1247 998 1310 auxilio.
1051 1245 1133 1312 (lum
1161 1269 1234 1332 pro·

57 1334 201 1418 scriptos
232 1332 386 1418 praemiis
414 1333 649 1416 Imperatorum
681 1333 798 1420 vulgus
829 1335 1044 1419 conquireret,
1076 1357 1172 1400 nemo
1200 1336 1235 1400 in

56 1423 197 1507 Epirum
220 1422 324 1507 venit,
353 1423 403 1486 cui
426 1442 478 1485 res
501 1421 571 1486 ulla
594 1421 745 1507 defuerit,
772 1422 897 1487 nemini
919 1445 985 1488 non
1008 1423 1055 1487 ibi
1077 1428 1235 1508 perpetuo

57 1511 213 1577 manendi
239 1514 386 1594 potestas
414 1511 502 1574 facta
531 1514 596 1576 est:
623 1511 680 1595 qui
703 1513 802 1576 etiam
830 1515 906 1596 post
928 1512 1089 1597 proelium
1112 1511 1269 1598 Philip-2

55 1623 159 1687 pense
186 1601 420 1684 interitumque
444 1597 480 1665 O.
499 1597 604 1664 Cassii
627 1602 661 1663 et
683 1599 726 1665 M.
744 1599 842 1664 Bruti
872 1600 905 1666 h.
923 1600 1045 1665 Iulium
1067 1600 1233 1666 Mocillam
1248 1635 1275 1674 m

55 1690 266 1775 praetorium·
292 1693 324 1755 et
356 1688 461 1752 filium
493 1688 562 1754 aius
595 1686 781 1774 Aulumque
812 1688 1013 1774 Torquatum
1045 1693 1235 1776 ceterosque

55 1779 131 1865 pari
163 1778 294 1844 fortuna
325 1777 492 1862 perculsos
525 1777 706 1843 instituerit
738 1778 835 1862 tueri,
869 1783 967 1862 atque
997 1801 1036 1843 ex
1063 1779 1165 1864 Epiro
1193 1779 1234 1844 iis

57 1867 171 1934 omnia
195 1865 453 1933 Samothraciam
482 1867 669 1952 supportari
696 1867 837 1932 iusserit.
882 1866 1024 1933 Difficile
1048 1873 1098 1933 est
1126 1868 1270 1938 omnies

56 1957 210 2042 persequi
247 1961 280 2021 et
315 1978 381 2020 non
416 1956 642 2021 necessarium.
696 1955 783 2020 Illud
819 1979 919 2021 unum
957 1957 1106 2042 intellegi
1143 1957 1234 2023 volu-

58 2068 147 2128 mno,
178 2045 269 2110 illius
297 2045 529 2111 liberalitatem
555 2067 661 2130 neque
687 2046 920 2131 temporariam
946 2067 1051 2130 neque
1084 2046 1234 2111 callidam

55 2135 170 2200 fuisse,
214 2134 252 2198 Id
276 2158 315 2200 ex
338 2133 418 2218 ipsis
441 2134 538 2199 rebus
562 2156 600 2199 aa
618 2134 820 2219 temporibus
843 2132 980 2199 iudicari
1001 2138 1125 2220 potest,
1148 2135 1234 2220 quod
1254 2156 1271 2203 4

55 2245 126 2290 non
152 2223 344 2288 florentibus
373 2245 407 2287 se
429 2223 624 2306 venditavit,
657 2224 712 2287 sed
741 2223 880 2287 adflictis
909 2244 1037 2308 semper
1063 2224 1235 2308 succurrit,

95 2440 120 2490 5.
147 2435 228 2489 tirnor
249 2432 312 2488 hIer
331 2433 377 2487 ein
395 2432 530 2500 Zustand,
554 2433 620 2487 wel·
675 2433 726 2487 dar
748 2431 859 2487 Gewalt
886 2433 935 2487 dos
958 2432 1060 2486 Brutus
1087 2431 1146 2485 und
1168 2431 1234 2487 Oas-

58 2506 128 2562 cher
154 2504 260 2558 Furcht
292 2504 427 2571 erweclrt3
459 2505 491 2558 ia
517 2521 621 2560 summo
675 2503 733 2557 sius
756 2520 858 2560 waren.
894 2503 949 2558 Die
974 2503 1118 2558 erwbhnte
1135 2502 1235 2558 Unter·

56 2579 155 2634 ta‘more
169 2571 212 2629 ‘in
235 2576 284 2630 der
308 2575 500 2630 drohendsten
521 2570 619 2645 Lage'.
675 2577 807 2644 stutaung
834 2575 939 2629 fenden
962 2574 1002 2629 sie
1028 2575 1079 2629 auf
1101 2575 1157 2630 den
1179 2574 1234 2630 aa·

56 2665 173 2774 nqueo}
200 2647 372 2702 maalmam
398 2648 514 2702 habebat
541 2664 562 2703 s.
586 2664 619 2700 au
673 2648 737 2772 gem
759 2647 810 2772 dedo
824 2645 945 2773 1hithlicus
967 2645 998 2700 in
1019 2645 1135 2717 Epirus,
1161 2664 1183 2702 s.
1202 2664 1235 2700 zu

118 2725 136 2773 4
173 2764 179 2775 .
693 2725 727 2785 ,6
745 2736 784 2771 un
859 2761 865 2786 ,
895 2760 901 2774 .

91 2762 162 2847 ’saia
189 2790 327 2845 auaitum
354 2790 453 2845 salutis
470 2784 531 2841 ‘um
553 2789 620 2844 Ret-
710 2790 840 2856 defuerit,
856 2788 1143 2858 dorKonj.wienaah
1152 2805 1235 2844 nemo

56 2865 132 2931 rung
150 2860 240 2915 seinos
260 2860 380 2930 eigenen
396 2855 527 2915 Lebens’.
675 2861 719 2913 est
736 2859 794 2928 qui.
814 2891 848 2899 -
862 2866 984 2928 potestas
998 2855 1181 2915 ‘Erlaubnis'.

95 2934 173 3000 vene,
188 2932 226 2987 ist
240 2931 421 3001 dassubjekt
435 2948 469 2984 zu
484 2935 621 3000 argenton
711 2944 735 2993 2.
768 2940 817 3008 qm·
847 2938 962 2993 bezieht
993 2938 1053 2993 siah
1085 2939 1136 2992 auf
1160 2939 1234 2993 Atti.

56 3005 133 3060 nassh
152 3005 177 3071 1,
197 3009 249 3071 2s4
269 3003 337 3056 θᾶθῐ
355 3002 429 3056 nach
447 3002 473 3068 I,
493 3008 517 3070 3,
528 3008 562 3056 4?
675 3027 737 3078 cus,
760 3010 861 3064 dassen
877 3008 1043 3078 Th‘atiglreit
1060 3009 1099 3062 im
1117 3009 1235 3079 rorigeri

95 3075 151 3131 &ll
168 3075 272 3143 Ssshllrl
289 3092 322 3127 ΖΠ
337 3075 414 3139 aella
433 3075 468 3129 ab
483 3089 526 3140 0⁰,
545 3071 620 3126 (lam
675 3080 757 3135 Satze
775 3079 947 3150 geschildert
964 3079 1049 3148 wird,
1066 3080 1186 3146 vobwohl
1205 3097 1235 3135 er

57 3147 129 3201 kurz
147 3145 193 3199 fflr
210 3145 246 3199 ab
265 3144 325 3200 eius
345 3143 435 3215 (Cani)
453 3143 573 3198 fOr'fflna·
675 3151 765 3206 selbst
781 3151 861 3206 nicht
879 3153 1004 3221 genennt
1021 3150 1067 3205 ist.
1104 3151 1162 3205 Das
1180 3151 1235 3206 Re·

58 3217 221 3357 al'vi'ffl
238 3216 549 3355 resultat?
567 3216 621 3282 fl
674 3221 961 3350 lttmtttth
977 3221 1031 3360 It
1050 3228 1103 3290 Μ
1124 3223 1173 3292 ff
1190 3239 1234 3278 '²⁰'

95 3331 451 3427 blem8›1lisshl‘Wifller’·
710 3367 900 3435 Philippense,
923 3365 997 3420 nach
1019 3363 1096 3420 ihrer
1118 3363 1235 3420 Nieder-

92 3430 221 3502 prauus
244 3431 383 3498 violatas,
407 3429 529 3484 welcher
551 3429 621 3481 Aus-
674 3437 739 3507 nge
757 3436 805 3491 uer
819 3435 947 3506 Philippi
964 3439 1075 3491 eureus
1093 3435 1155 3491 siah
1169 3434 1235 3490 oas-

59 3501 150 3557 druck
168 3501 253 3555 stand
269 3500 350 3554 daffir
367 3500 481 3556 frfiher?
675 3507 732 3562 sius
750 3508 809 3562 und
826 3507 929 3562 Brutus
948 3507 1046 3562 selbot.

96 3591 146 3647 11.
176 3597 200 3646 1.
224 3606 257 3645 ea
274 3591 368 3657 malie,
395 3590 421 3646 d.
440 3589 459 3647 i.
478 3587 620 3660 periculis.
705 3580 891 3650 aradorium,
905 3579 963 3649 rgl.
978 3579 1117 3635 censorius
1134 3578 1234 3648 XXIV,

59 3695 95 3706 -
113 3678 141 3718 aa
159 3662 264 3716 emersa
281 3663 428 3732 (tanquam
447 3677 462 3717 e
480 3659 621 3729 fluctibus)
677 3657 700 3719 1,
716 3659 740 3706 l·
875 3723 880 3735 Ι

59 3732 273 3804 gewbhnlieher
309 3733 386 3787 steht
416 3748 546 3803 emerqere
578 3731 621 3784 als
710 3722 925 3779 Samothraciam
943 3721 1056 3789 saul,
1078 3726 1137 3788 1,1.

58 3803 281 3859 Intransitivum.
317 3803 413 3857 Durch
439 3803 489 3857 das
507 3800 620 3856 Transi·
711 3809 735 3858 8.
768 3802 893 3871 Diffiale
919 3807 958 3856 est
987 3799 1133 3855 ubersetze
1162 3801 1236 3854 nach

58 3876 150 3932 tivum
172 3874 211 3930 ist
228 3875 412 3945 angadeutet,
436 3873 493 3928 dall
512 3889 543 3927 er
557 3871 622 3926 'siah
675 3875 786 3945 Ionpam
812 3879 850 3928 est
876 3871 980 3939 XXIII,
1005 3877 1029 3940 o,
1044 3877 1073 3936 43
1105 3888 1163 3926 aaa
1189 3888 1234 3925 ae-

59 3948 150 4002 durch
178 3944 256 4001 seins
283 3945 383 4014 eigana
411 3943 622 4000 Geschicklich-
676 3946 823 4000 consortum
845 3943 884 3997 ist
902 3941 957 3997 ein
974 3941 1092 4012 Begriffi
1116 3942 1235 3997 deshalb

58 4017 122 4074 keit
140 4017 383 4088 emporarbeitete.
675 4014 756 4070 nicht
777 4031 838 4069 nec.
858 4047 891 4056 -
910 4015 1038 4085 persequi
1059 4011 1112 4067 wie
1135 4013 1235 4081 XXIV,

94 4091 167 4144 achil
189 4090 269 4144 aliod
291 4105 373 4158 quam
399 4105 420 4142 s.
439 4104 473 4140 zu
490 4086 541 4154 VI,
562 4092 585 4153 1,
596 4091 621 4139 4.
676 4093 740 4155 a,4;
761 4091 786 4142 t.

90 4161 240 4231 praemiis,
262 4160 318 4214 den
340 4158 396 4213 abl.
416 4175 517 4213 causae
539 4157 621 4211 fiber·
711 4158 904 4227 temporariam
928 4155 1019 4210 erbltlt
1041 4154 1118 4210 seina
1136 4155 1235 4210 Erkla-

59 4235 136 4288 setae
172 4232 246 4285 nach
281 4232 365 4287 haias
397 4231 511 4286 masilia
542 4234 623 4298 atque
675 4246 748 4298 rung
775 4245 825 4282 aus
853 4233 909 4295 9,6
935 4230 1062 4297 temporis
1085 4243 1178 4284 cauta.
1201 4257 1236 4268 -

58 4304 224 4360 quaeritate
241 4302 306 4370 VII,
326 4308 386 4369 3,1.
676 4300 806 4356 callidam
819 4295 932 4353 'sahlau
950 4294 1122 4353 bereahnet'.
1286 4364 1287 4368 Ἰ

59 4370 623 4514 0stantia„utuntur
676 4378 736 4496 ..ι
752 4376 1009 4497 narratae
1028 4365 1237 4424 Iacer

223 4487 229 4513 ‚
976 4483 983 4498 .

971 4529 1024 4584 11*
