2790 4882
139 245 183 310 46
417 212 419 216 ’
469 240 529 297 vn
557 238 781 294 mammons.
819 237 897 294 oar.
917 246 942 295 a.
961 246 986 295 c.

105 416 122 463 4
141 426 253 484 sensu,
275 403 391 488 populi
413 403 580 488 potentiae
600 424 666 468 non
685 403 807 467 amicus
826 406 860 468 et
879 402 1087 487 optimatium
1104 402 1223 468 fautor.
1266 402 1325 468 Ab

140 494 203 558 hoe
222 493 400 557 destitutus
418 491 561 577 primum
579 514 638 575 per
656 490 911 576 Thrasybulum,
934 491 1014 575 Lyoi
1032 491 1151 576 filium,
1169 491 1210 556 ab
1229 512 1324 558 exer·

141 582 207 648 citu
235 582 392 666 recipitur
419 584 614 664 praetorque
641 581 680 644 fit
707 581 793 664 apud
822 579 969 664 Samum3
1001 584 1091 665 post,
1118 579 1328 666 suffragante

140 670 353 756 Tberameue,
370 669 570 754 populiscitu
588 668 774 735 restituitur
793 669 928 754 parique
943 669 1060 734 absens
1073 669 1212 754 imperio
1226 691 1323 754 prae-

106 760 248 825 sficitur
274 759 372 824 simul
400 780 473 822 cum
496 756 700 842 Thrasybulo
730 760 763 822 et
784 756 995 824 Theramene.
1039 758 1166 824 Horum
1194 758 1230 823 in
1258 758 1321 824 im-

140 849 231 934 perio
254 851 347 912 tanta
370 847 584 912 commutatio
603 868 710 911 rerum
728 845 817 911 faeta
835 852 900 932 est,
923 852 960 912 ut
978 845 1241 932 Lacedaemonii,
1263 848 1323 932 qui

140 938 239 1021 paulo
259 940 334 1001 ante
353 936 493 1000 victores
512 936 698 1020 riguerant,
720 936 885 1018 perterriti
904 957 1017 1019 pacem
1035 939 1194 1020 peterent.
1228 934 1324 1002 Victi
1357 985 1360 989 «

142 1026 227 1090 enim
252 1027 345 1090 eraut
367 1024 509 1109 quinque
532 1024 665 1109 proeliis
689 1024 914 1109 terrestribus,
942 1024 1048 1090 tribus
1071 1024 1258 1110 navalibus,
1286 1025 1324 1090 in

141 1113 258 1198 quibus
290 1114 447 1179 ducentas
478 1134 577 1178 naves
610 1113 761 1178 triremes
794 1114 985 1198 amiserant,
1022 1136 1104 1199 quae
1137 1117 1254 1199 captae
1286 1114 1323 1178 in

106 1202 286 1268 choatiam
313 1204 472 1267 venerant
498 1204 707 1286 potestatem.
753 1202 941 1267 Alcibiades
964 1203 1063 1266 simul
1086 1224 1159 1268 cum
1183 1202 1326 1287 collegis

140 1295 309 1375 receperat
325 1290 452 1356 Ioniam
458 1342 467 1375 ,
489 1289 754 1377 Hellespontum,
773 1291 896 1355 multas
914 1295 1084 1376 praeterea
1102 1291 1199 1355 urbes
1219 1289 1322 1356 Grae·

141 1403 209 1465 cas,
242 1402 324 1464 quae
352 1380 387 1443 in
414 1401 471 1444 ora
501 1380 583 1444 sitae
614 1383 691 1444 sunt
718 1378 890 1463 Thraciae,
923 1401 1060 1464 quarum
1094 1385 1325 1466 expugnarant

141 1470 338 1554 complures,
361 1469 395 1534 in
418 1469 459 1533 iis
482 1467 692 1554 Byzantium,
713 1490 818 1554 neque
842 1468 949 1533 minus
972 1468 1094 1533 multas
1117 1468 1256 1534 consilio
1280 1468 1324 1533 ad

143 1558 322 1624 amicitiam
350 1557 576 1642 adiunxerant,
604 1557 690 1643 quod
718 1557 753 1622 in
776 1563 889 1641 captos
912 1557 1085 1623 clementia
1106 1557 1239 1622 fueraut
1261 1557 1323 1622 usi.

105 1648 194 1713 rna
217 1647 339 1732 praeda
357 1648 482 1731 onusti,
504 1647 705 1731 locupletato
729 1646 888 1732 exercitu,
912 1646 1062 1710 maximis
1086 1646 1183 1709 rebus
1208 1645 1326 1732 gestis,

86 1761 128 1801 roa
141 1735 291 1802 Athenas
315 1741 481 1801 venerunt.

162 1910 167 1919 ,
230 1843 260 1907 6.
298 1841 360 1906 His
388 1862 462 1906 cum
490 1841 620 1906 obviam
643 1841 795 1906 universa
818 1841 933 1907 civitas
956 1842 992 1906 in
1014 1841 1165 1907 Piraeum
1189 1840 1323 1906 descen-

141 1931 256 2015 disset,
279 1933 373 1993 tanta
394 1929 458 1994 fuit
481 1929 627 1994 omnium
646 1931 845 2012 exspectatio
864 1930 989 1996 visendi
1007 1930 1199 2016 Alcibiadis,
1221 1933 1262 1995 ut
1281 1928 1324 1994 ad

141 2020 210 2083 eius
229 2017 396 2082 triremem
415 2018 533 2103 vulgus
552 2017 744 2104 conflueret,
761 2019 897 2103 proinde
917 2019 998 2086 acsi
1016 2021 1107 2085 solus
1126 2019 1325 2084 advenisset.

32 2142 37 2150 ·
106 2105 196 2172 adio
224 2107 311 2172 enim
338 2106 460 2191 populo
492 2109 562 2172 erat
590 2129 798 2193 persuasum,
829 2113 863 2173 et
891 2109 1043 2173 adversas
1075 2108 1259 2193 superiores
1290 2113 1325 2172 et

140 2199 329 2281 praesentes
359 2195 514 2261 secundas
538 2217 590 2260 res
615 2196 771 2262 accidisse
795 2197 864 2262 eius
888 2220 997 2282 opera.
1041 2198 1158 2282 ltaque
1171 2201 1216 2273 ,et
1239 2194 1322 2262 Siei-

140 2285 219 2349 liam
238 2285 392 2349 amissam
411 2287 444 2349 et
458 2282 787 2350 Lacedaemoniorum
806 2287 959 2352 victorias
975 2286 1089 2371 culpae
1104 2307 1181 2353 suae
1196 2285 1322 2350 tribue-

141 2375 235 2458 bant,
258 2373 344 2458 quod
366 2374 467 2438 talem
491 2374 597 2439 virum
621 2396 639 2439 e
658 2373 789 2440 civitate
813 2376 1025 2460 expulissent.
1065 2373 1179 2458 Neque
1199 2374 1232 2438 id
1252 2375 1324 2439 sine

141 2485 239 2528 causa
263 2462 417 2527 arbitrari
440 2463 643 2528 videbantur.
683 2461 771 2528 Nam
790 2469 966 2549 postquam
990 2463 1146 2528 exercitui
1168 2484 1322 2547 praeesse

141 2554 305 2634 coeperat,
326 2572 431 2635 neque
454 2555 542 2616 terra
565 2546 681 2636 neque'
694 2553 777 2617 mari
799 2552 911 2618 hostes
932 2574 1028 2637 pares
1048 2574 1118 2618 esse
1137 2554 1323 2636 potuerant.

107 2651 122 2698 3
140 2638 205 2702 Hic
228 2642 264 2701 ut
284 2661 301 2702 e
319 2641 395 2702 navi
419 2659 570 2723 egressus
595 2644 659 2725 est,
682 2663 866 2727 quanquam
884 2640 1102 2706 Theramenes
1127 2645 1161 2705 et
1178 2639 1322 2725 Thrasy·

141 2727 237 2792 bulus
261 2725 383 2790 eisdem
406 2728 502 2792 rebus
525 2728 732 2812 praefuerant
752 2730 913 2815 simulque
932 2735 1089 2795 venerant
1108 2730 1142 2794 in
1160 2729 1323 2814 Piraeum,

141 2820 252 2880 tamen
279 2837 379 2879 unum
409 2837 520 2881 omnes
548 2816 643 2881 illum
671 2818 965 2905 prosequebantur,
994 2823 1039 2904 et,
1066 2819 1100 2883 id
1130 2818 1218 2904 quod
1239 2840 1322 2883 nuu-

141 2925 238 2988 quam
272 2906 367 2968 antea
399 2927 460 2970 usu
492 2908 627 2972 venerat
659 2907 723 2973 nisi
755 2907 926 2993 Olympiae
959 2909 1154 2992 victoribus,
1191 2906 1322 2973 coronis

176 3050 201 3100 er
219 3062 240 3100 s.
260 3061 295 3098 ιιι
313 3049 338 3112 4,
349 3050 375 3099 4.
792 3045 1322 3118 aequemiaucs.a.mqaemiaorss,6,l.

175 3118 318 3186 optimates
344 3117 382 3186 (v.
400 3117 542 3187 optimae),
569 3116 615 3172 die
634 3117 703 3171 Vor·
759 3121 916 3174 -conselio
925 3117 1018 3172 wicin
1028 3118 1139 3172 canalii
1147 3118 1250 3187 plenas
1265 3122 1323 3184 1,2.

139 3187 260 3242 nahmen
283 3186 342 3240 und
364 3187 536 3256 Begfiterten
558 3187 598 3241 im
622 3187 704 3242 Staat
794 3192 934 3245 clementia
946 3190 1060 3257 faeraat
1073 3189 1119 3244 asi
1137 3205 1158 3242 s.
1173 3187 1247 3254 aul,
1262 3193 1322 3255 8,3.

141 3257 369 3328 (Aristokraten).
792 3262 906 3328 fuerant
928 3262 974 3316 ari
1002 3277 1022 3315 s.
1046 3277 1080 3313 zu
1098 3259 1132 3327 V,
1151 3265 1202 3326 a,1
1225 3259 1321 3327 suerat

175 3344 201 3391 4.
231 3353 283 3406 per
309 3338 407 3393 Thrae.
432 3337 530 3392 ‘durch
553 3338 703 3395 Vermitte·
757 3338 887 3388 amala&

139 3407 210 3476 1³¹1ss
229 3404 279 3462 ·'·
484 3480 515 3493 Η
561 3480 566 3493 ,
794 3421 823 3476 6.
862 3427 885 3474 1.
916 3421 1012 3475 deitas
1027 3414 1263 3488 ‘Bargerschafa

175 3479 346 3547 wlfradalllss
364 3495 385 3532 Β·
401 3495 439 3559 ‚²¹¹
458 3479 579 3535 (mmm
596 3481 621 3548 I,
642 3488 702 3549 a,1.
793 3498 818 3546 2.
842 3491 889 3546 Sic
902 3497 961 3546 erat
974 3505 1139 3560 persuasam
1152 3487 1256 3543 ‘daron
1269 3487 1322 3544 ·-'.

141 3579 180 3633 -ῄ
194 3549 350 3632 Υθθξῖΐαῑΐψῒ
359 3565 425 3633 ,Ἧθ
448 3549 501 3634 III,
523 3557 573 3617 1,5
592 3554 703 3634 P⁰1>ul²²
793 3562 901 3617 Betone
919 3578 986 3618 saoe
1000 3557 1090 3615 ‘ihrer
1108 3555 1250 3630 eigeneu’.

140 3626 207 3704 serto
229 3637 263 3704 aa
284 3626 410 3705 petreum
434 3627 576 3708 restatatqr
593 3628 647 3704 ‘est'
670 3654 703 3705 -5
744 3687 747 3692 ¹
788 3640 935 3703 postquam
976 3639 1111 3702 coeperat,
1153 3632 1203 3686 das
1240 3630 1321 3685 Plus.

136 3691 535 3782 Wfllmpm⁰,}lbl·q1¹stllb
562 3695 616 3746 mli
634 3694 703 3764 glel·
758 3705 895 3774 quampfi,
914 3703 979 3758 weil
999 3704 1072 3757 auch
1089 3702 1130 3757 im
1146 3702 1323 3772 Hauptsatze

141 3761 378 3847 ⁰h0rssef981118·
758 3776 808 3829 das
826 3774 1019 3845 Plusquampf.
1039 3774 1123 3829 steht.
1314 3777 1318 3782 '

142 3836 335 3960 mpfflcrtar
357 3830 396 3888 ‘er
417 3834 515 3915 ,erh'alt
543 3835 593 3889 das
619 3834 703 3889 Kom-
789 3863 872 3974 {areg
892 3846 1197 3971 3330W1011‚4,pmlb
1252 3915 1272 3970 b

255 3947 262 3961 ·
812 3962 818 3974 .
843 3936 931 3974 anam
948 3934 1053 3984 amaea,
1072 3932 1128 3971 was
1216 3932 1252 3971 ue
1274 3932 1322 3971 en-

177 3990 202 4043 5.
226 3987 258 4040 ia
272 3980 544 4056 imperio‘wthrend
561 3982 613 4053 -';
634 4004 655 4042 ι.
670 4005 702 4041 ιιι
758 3989 892 4044 einander
910 3989 1046 4060 gestellt?

139 4054 216 4123 XXI,
237 4062 298 4123 2,3.
794 4061 937 4132 Olympiae
967 4061 1116 4117 namatus
1141 4055 1205 4113 ‘den
1233 4058 1321 4127 olym·

158 4128 321 4206 ,vipaeraat
346 4121 393 4182 ‘da
414 4127 552 4184 estanden
586 4125 701 4198 hatten',
777 4130 875 4186 ischen
894 4128 1019 4202 Siegern'
1037 4118 1243 4200 (llbersetzung
1265 4145 1323 4183 von

52 4203 57 4211 '
140 4197 295 4266 ergentlich
317 4214 374 4253 von
393 4144 577 4266 dewtchsen,
605 4199 651 4255 die
673 4200 703 4255 in
758 4205 970 4273 ολυμπιονίιης,
991 4221 1012 4258 s.
1027 4219 1061 4257 ιιι
1074 4200 1163 4272 praef.
1175 4204 1216 4270 ὃ),
1235 4200 1321 4282 uhml

139 4268 230 4323 roller
248 4269 332 4323 Kraft
349 4269 407 4323 und
425 4268 508 4325 Blfite
528 4270 635 4328 stehen
756 4273 805 4328 bei
822 4273 913 4328 ihrem
931 4272 1098 4329 feierliohen
1114 4272 1273 4342 Empfange
1291 4289 1322 4324 m

176 4344 200 4395 6.
220 4339 439 4410 Helicapoatam,
454 4341 578 4397 d.h.dic
593 4341 701 4412 Gegen·
758 4343 808 4399 der
822 4345 995 4401 Vaterstadt.
1035 4345 1069 4398 Iu
1087 4343 1219 4414 Olympia
1232 4341 1323 4397 selbst

141 4408 196 4462 den
214 4425 260 4463 am
277 4411 455 4482 Hellespont.
758 4415 896 4473 erhielteu
911 4416 950 4472 sie
964 4416 1073 4472 Krtnze
1089 4433 1138 4471 aus
1151 4403 1321 4484 blaweigeu.
