2768 4882
377 259 477 314 XXIII.
506 258 706 315 HANNIBAL.
744 213 824 316 ΟΑΡ.
844 266 885 316 11.
906 267 948 316 12.
1190 264 1254 330 145

170 427 221 490 11.
257 423 330 489 Tali
357 423 582 488 cohortatione
609 422 754 488 militum
780 423 870 488 faeta
897 423 1011 488 classis
1040 423 1081 488 ab
1108 423 1253 509 utrisque

68 516 111 580 in
144 514 304 598 proelium
337 511 511 577 deducItur.
563 511 706 588 Quarum
739 511 806 576 acie
838 513 1030 598 constituta,
1062 512 1253 598 priusquam

70 605 211 688 signum
233 623 362 687 pugnae
386 601 530 686 daretur,
553 599 733 686 Hannibal,
756 604 794 666 ut
812 602 922 686 palam
944 600 1066 667 faceret
1084 602 1164 686 suis,
1189 623 1252 687 quo

71 693 148 757 looo
168 691 330 756 Eumenes
351 694 450 775 esset,
471 690 680 755 tabellarium
698 689 733 755 in
751 689 872 774 scapha
890 711 962 754 cum
982 689 1119 756 caduceo
1139 691 1253 756 mittit.

72 779 141 857 Qui
164 779 221 844 ubi
244 779 284 844 ad
307 801 406 844 naves
431 778 689 844 adversariarum
711 779 858 864 pervenit
881 778 1120 865 epistulamque
1143 784 1285 845 osten-2

70 869 157 934 dens
186 890 220 933 se
248 889 360 955 regem
387 867 555 953 professus
583 871 634 933 est
661 889 829 953 quaerere,
862 867 975 933 statim
1003 869 1045 934 ad
1072 867 1253 934 Eumenem

71 957 234 1023 deductus
254 962 317 1041 est,
340 957 426 1042 quod
444 979 540 1022 nemo
561 956 746 1041 dubitabat,
771 957 848 1042 quin
867 956 992 1042 aliquid
1010 956 1049 1022 de
1068 979 1148 1043 pace
1167 960 1254 1022 esset

71 1046 244 1132 scriptum.
280 1045 499 1131 Tabellarius,
523 1045 613 1111 ducis
632 1067 715 1111 nave
734 1045 896 1111 declarata
915 1045 995 1132 suis,
1019 1046 1145 1130 eodem,
1169 1047 1253 1111 unde

72 1139 146 1200 erat
171 1156 333 1222 egressus,
357 1157 391 1200 se
415 1133 546 1218 recepit.
592 1134 638 1199 At
660 1133 837 1220 Eumenes,
860 1135 969 1201 soluta
993 1134 1145 1221 epistula,
1168 1134 1288 1200 nihile

71 1226 110 1289 in
125 1246 164 1289 ea
176 1224 335 1309 repperit,
353 1223 418 1288 nisi
438 1245 519 1308 quae
539 1223 579 1288 ad
598 1223 799 1290 irridendum
819 1246 892 1288 eum
907 1224 1116 1309 pertinerent.
1154 1221 1253 1290 Cuius

70 1314 122 1378 rei
146 1313 209 1378 etsi
237 1335 366 1378 causam
395 1312 578 1377 mirabatur
603 1333 708 1397 neque
730 1312 926 1397 reperiebat,
953 1317 1064 1377 tamen
1091 1313 1252 1398 proelium

70 1402 190 1467 statim
213 1403 416 1467 committere
439 1423 505 1467 non
528 1400 699 1465 dubitavit.
744 1400 871 1466 Horum
899 1401 934 1465 in
957 1423 1114 1466 concursu
1137 1401 1288 1486 Bithy-4

70 1491 123 1556 nii
146 1489 342 1556 Hannibalis
367 1494 541 1575 praecepto
566 1489 710 1554 universi
732 1511 848 1555 nauem
870 1489 1027 1554 Eumenis
1051 1490 1251 1555 adoriuntur.

70 1581 220 1657 Quorum
253 1579 321 1644 vim
354 1601 411 1644 rex
443 1600 515 1644 oum
548 1578 708 1644 sustinere
740 1600 806 1643 non
838 1582 962 1663 posset,
999 1578 1079 1662 fuga
1111 1579 1251 1644 salutem

69 1668 173 1756 petit,
201 1690 298 1753 quam
322 1671 515 1733 consecutus
538 1689 604 1732 non
627 1671 726 1752 esset,
753 1667 818 1732 nisi
841 1666 928 1733 intra
950 1690 1010 1732 sua
1032 1667 1194 1753 praesidia
1218 1689 1252 1732 se

70 1757 266 1843 recepisset,
295 1779 376 1842 quae
403 1757 439 1821 in
460 1757 610 1842 proximo
637 1755 734 1821 litore
763 1760 855 1821 erant
878 1756 1045 1823 collocata.
1091 1755 1286 1841 Reliquaes

70 1847 296 1932 Pergamenae
318 1868 417 1911 naves
441 1868 514 1912 cum
538 1844 741 1911 adversarios
763 1849 949 1930 premerent
972 1845 1092 1931 acrius,
1117 1849 1250 1931 repente

69 1939 108 2015 in
128 1957 184 2001 eas
203 1957 281 2000 vasa
300 1935 427 2020 fictilia,
447 1934 486 2000 de
506 1934 624 2020 quibus
645 1956 744 2020 supra
763 1934 961 2000 mentionem
978 1934 1128 2020 fecimus,
1148 1933 1251 2000 conici

69 2029 193 2108 coepta
212 2029 297 2089 sunt.
339 2023 428 2100 Quae
446 2024 533 2088 iacta
552 2023 647 2089 initio
668 2024 771 2088 risum
794 2023 1016 2108 pugnantibus
1040 2023 1252 2107 concitarunt,

70 2136 193 2198 neque,
217 2134 316 2198 quare
335 2113 368 2176 id
386 2112 494 2197 fieret,
517 2116 648 2198 poterat
670 2112 826 2198 intellegi.
867 2111 1046 2196 Postquam
1066 2118 1175 2178 autem
1194 2135 1250 2177 na·
1270 2131 1286 2179 6

70 2224 131 2268 ves
153 2223 227 2267 suas
247 2202 396 2287 oppletas
420 2204 657 2286 conspexerunt
679 2201 897 2286 serpentibus,
921 2222 1006 2266 nava
1022 2223 1058 2265 re
1076 2201 1251 2286 perterriti,

70 2313 163 2376 cum,
182 2290 259 2375 quid
278 2291 487 2374 potissimum
507 2289 663 2374 vitarent,
681 2311 747 2354 non
760 2288 921 2374 viderent,
939 2312 1064 2375 puppes
1082 2292 1251 2355 verterunt

68 2402 175 2465 seque
195 2380 235 2444 ad
255 2402 313 2444 sua
333 2384 441 2444 castra
459 2377 592 2443 nautica
610 2379 816 2444 rettulerunt.
857 2376 910 2443 Sic
928 2378 1094 2443 Hannibal
1114 2378 1250 2444 consilio
1270 2398 1287 2447 7

70 2491 167 2535 arma
190 2466 464 2554 Pergamenorum
493 2466 672 2552 superavit3
700 2489 804 2551 neque
832 2472 902 2531 tum
927 2468 1045 2552 solum,
1074 2468 1250 2552 sedsaepe

70 2558 159 2624 alias
182 2557 386 2643 pedestribus
410 2555 512 2642 capiis
535 2556 608 2642 pari
630 2556 804 2641 prudentia
826 2555 954 2642 pepulit
977 2556 1188 2622 adversarios.

166 2664 216 2729 12.
253 2663 343 2739 Quae
367 2663 444 2728 dum
471 2663 505 2728 in
528 2663 609 2728 Asia
631 2667 801 2748 geruntur,
832 2663 949 2728 accidit
972 2686 1061 2749 casu,
1090 2667 1126 2728 ut
1148 2664 1251 2749 legati

69 2753 209 2818 Prusiae
241 2752 364 2816 Romae
401 2752 487 2837 apud
520 2750 555 2816 Τ.
589 2751 758 2828 Quintium
789 2751 1010 2817 Flamininum
1047 2754 1251 2818 consularem

68 2845 241 2926 cenarent,
271 2846 369 2925 atque
396 2841 443 2905 ibi
466 2842 504 2905 de
527 2839 711 2905 Hannibale
739 2841 903 2905 mentione
930 2841 1017 2905 faeta
1042 2863 1080 2905 ex
1102 2841 1144 2905 iis
1167 2863 1250 2905 unus

70 2932 197 2997 diceret
225 2953 298 2994 eum
328 2930 363 2993 in
385 2928 520 2994 Prusiae
546 2949 648 3011 regno
672 2950 752 2993 esee.
797 2928 834 2993 Id
858 2933 990 3012 postero
1020 2929 1071 2994 die
1094 2928 1250 2994 Flamini·

69 3042 135 3085 nus
170 3020 297 3083 senatui
329 3018 455 3083 detulit.
504 3014 618 3082 Patres
651 3017 838 3102 conscripti,
871 3017 926 3102 qui
958 3017 1143 3082 Hannibale
1176 3019 1287 3087 vivon

68 3130 239 3192 nunquam
276 3130 311 3173 se
345 3107 415 3172 sine
451 3105 578 3170 insidiis
615 3105 743 3171 futuros
780 3106 1017 3191 existimarent,
1053 3107 1181 3192 legatos
1216 3107 1250 3171 in

109 3282 160 3337 11.
187 3288 209 3336 1.
228 3283 304 3349 facta
319 3300 340 3336 s.
355 3299 389 3335 zu
406 3281 444 3349 ΙΙ,
463 3287 514 3349 9,3
529 3281 636 3351 proelio
726 3286 751 3336 6.
773 3297 844 3334 nona
861 3296 890 3334 re
908 3298 928 3334 s.
943 3297 976 3333 zu
994 3278 1068 3348 XIV,
1089 3289 1113 3348 6,
1124 3286 1149 3334 6.

64 3357 156 3424 faeta.
176 3385 209 3392 -
228 3356 263 3408 ab
281 3355 403 3421 atrisque
421 3351 474 3434 uie
494 3352 518 3419 Ι,
535 3359 558 3418 7,
570 3359 594 3407 3.
635 3368 636 3371 ’
720 3375 828 3430 puppes
842 3365 941 3415 uertere
958 3377 1015 3415 von
1028 3361 1079 3415 der
1092 3359 1185 3415 Elotte
1201 3378 1250 3431 ge·

111 3424 634 3504 Qaarnm,namlclass1um.-prine-
689 3433 766 3501 sagt,
789 3430 843 3486 wie
866 3447 922 3484 von
944 3430 1146 3502 Landtruppen
1169 3434 1250 3503 terga

67 3513 156 3568 qnam
170 3497 282 3550 daretur
301 3495 379 3549 mehe
397 3511 459 3548 zum
474 3494 634 3564 folgenden.
689 3505 806 3557 vertere,

109 3583 134 3631 3.
151 3576 209 3630 nisi
217 3592 329 3658 im.-
335 3575 504 3657 pertinerent
513 3572 634 3629 ’ἅὶθῦῒθῖ
725 3589 816 3638 castra
838 3583 954 3637 nautica
976 3581 1039 3637 sind
1062 3600 1125 3636 zum
1148 3583 1252 3638 Sohutz

67 3648 130 3727 Der
153 3646 234 3715 Konj.
258 3664 312 3700 wie
336 3664 366 3699 ιιι
387 3652 494 3716 pateret
519 3645 545 3714 I,
569 3651 593 3712 8,
609 3651 634 3701 4.
690 3653 740 3708 der
766 3652 868 3708 Schiffe
896 3671 942 3708 am
967 3653 1062 3709 bande
1090 3654 1249 3724 angelegte‚

66 3719 136 3772 Wre
165 3717 262 3772 millite
290 3734 319 3770 es
352 3717 393 3771 ale
423 3716 557 3771 Godanke
585 3716 635 3770 (les
689 3724 743 3779 mit
763 3725 924 3794 Besatzung
950 3725 1102 3779 versehene
1130 3724 1250 3779 Befesti·

66 3790 212 3845 Eumenes
231 3786 351 3842 heillcn?
689 3813 810 3866 gungen.

108 3877 166 3914 Ἀθη
184 3859 393 3948 dubilmillie
411 3858 488 3924 XVI»
509 3863 532 3925 ⁶³
544 3864 569 3911 3·
727 3892 750 3939 7.
770 3886 940 3954 pedestribus
959 3885 1059 3953 capita,
1081 3882 1120 3935 im
1140 3883 1248 3953 Gegan—

108 3947 133 3993 4.
164 3939 272 3994 Horum
295 3954 348 3990 w1e
371 3936 475 4004 XVIII,
495 3943 546 4003 4‚1
571 3953 635 4005 eno·
690 3956 748 4009 aaa
767 3973 800 4008 zu
819 3957 913 4010 cussa
930 3955 995 4023 vn,
1016 3961 1075 4023 aa.

66 4029 144 4067 ram.
159 4042 192 4050 -
207 4010 380 4064 Hannibalis
393 4014 538 4078 praecepto
556 4005 636 4061 ‘nach

68 4079 124 4147 ,ᾖ
145 4099 202 4134 was
221 4081 266 4135 fpr
285 4080 330 4135 ein
348 4079 429 4133 ΑΜ]
728 4061 775 4115 12.
804 4068 827 4117 1.
851 4063 1019 4116 consularem
1038 4078 1058 4113 e.
1074 4077 1107 4113 zu
1124 4066 1150 4128 4,
1160 4066 1185 4117 4.

109 4154 164 4207 vin
182 4151 244 4206 hIer
258 4149 432 4221 ‘gewaltiger
450 4146 605 4219 Andrang’.
727 4157 751 4204 2.
784 4150 880 4204 Patres
906 4149 1053 4219 emneripti
1080 4147 1169 4203 seriel
1195 4149 1248 4204 wie

103 4225 263 4294 praesidia,
300 4239 358 4275 was
389 4222 515 4276 nachher
546 4227 637 4276 cnara
691 4223 842 4275 senatores
872 4251 905 4261 -
932 4221 980 4290 qni
1005 4253 1038 4260 -
1064 4221 1250 4277 enistirnarent

67 4296 197 4352 nautica.
691 4291 738 4346 ein
757 4291 821 4345 Sata
840 4290 893 4346 wie
912 4293 950 4357 ΙΙ,
972 4299 994 4359 7,
1012 4296 1027 4345 6
1045 4292 1094 4360 qni
1111 4292 1141 4346 id
1154 4294 1250 4361 potins

108 4373 135 4421 b.
165 4365 337 4435 Quaenam
359 4360 417 4418 ‘dae
439 4363 552 4418 Werlen
574 4362 635 4416 der·
690 4364 869 4418 intuerentur.
882 4395 915 4404 -
930 4363 1091 4416 Hannibale
1104 4363 1177 4430 neo,
1190 4365 1249 4433 vgl.

68 4438 173 4494 selben
191 4433 266 4489 nun'.
690 4433 848 4490 Alexandro
866 4435 926 4490 aiae
949 4433 1052 4511 XVIII,
1072 4439 1097 4501 4,
1108 4440 1132 4487 4.

129 4545 203 4586 cous.
217 4544 307 4584 Nares.
1003 4528 1036 4576 10
