2790 4882
161 295 204 358 70
495 285 542 340 rr.
569 282 796 339 malesuasa.
836 282 912 337 cre.
932 290 958 338 ι.
977 288 1002 336 ι,

157 450 312 516 exercitui
340 448 555 532 conducticio,
587 448 676 512 cuiue
700 466 853 511 numerus
876 444 940 509 XII
965 443 1091 508 milium
1114 443 1186 509 suit.
1234 443 1335 520 Quem

157 532 286 625 quidem
305 539 352 603 sic
365 537 454 603 omni
473 537 646 620 disciplina
664 535 801 600 militari
821 533 975 618 erudivit,
993 536 1044 618 ut,
1063 533 1333 617 quemadmodum

157 627 319 714 quondam
338 626 474 691 Fabiani
498 625 620 689 milites
639 623 777 709 Romae,
800 623 847 687 sic
865 621 1107 707 Iphicratenses
1129 620 1215 706 apud
1238 621 1333 686 Grae-

122 729 212 783 scos
242 717 276 781 in
307 737 434 781 summa
466 714 561 778 laude
591 712 723 778 fuerint.
773 711 862 777 Idem
895 709 1040 776 subsidio
1069 709 1333 776 Lacedaemoniis

104 832 143 873 aee
157 805 320 891 profectus
339 801 586 888 Epaminondae
609 801 788 867 retardavit
811 801 960 884 impetus.
1001 799 1088 865 Nam
1107 799 1172 863 nisi
1191 799 1262 865 eius
1282 799 1334 864 ad·

157 897 272 959 ventus
302 892 610 977 appropinquasset,
637 912 703 955 non
726 889 817 974 prius
841 888 988 954 Thebani
1013 886 1132 973 Sparta
1160 889 1332 954 abscessis-

158 986 245 1067 sent,
269 1003 367 1066 quam
390 984 519 1066 captam
541 979 689 1045 incendio
715 979 886 1044 delessent.

246 1088 277 1153 3.
305 1085 383 1151 Fuit
402 1089 512 1151 autem
532 1092 564 1151 et
584 1086 692 1150 animo
712 1105 833 1168 magno
857 1086 891 1149 et
909 1105 1043 1168 corpore
1062 1083 1334 1169 imperatoriaque

122 1176 275 1261 aforma,
302 1180 340 1240 ut
362 1176 434 1259 ipso
464 1179 597 1260 aspectu
627 1173 729 1239 cuivis
753 1173 890 1238 iniceret
913 1172 1163 1237 admirationem
1188 1172 1254 1259 sui,
1281 1173 1335 1238 sed

158 1264 325 1329 inlabere
352 1263 451 1328 nimis
479 1263 634 1329 remissus
662 1284 842 1348 parumque
870 1262 1015 1347 patiens,
1045 1265 1082 1326 ut
1104 1259 1335 1346 Theopompus

157 1353 331 1418 memoriae
364 1351 524 1437 prodidit,
555 1353 660 1416 bonus
691 1373 767 1416 vero
795 1350 874 1415 civis
904 1349 1032 1434 fideque
1063 1371 1192 1436 magna.
1245 1349 1336 1426 Quod

158 1464 231 1507 cum
254 1443 287 1506 in
312 1441 385 1506 aliis
408 1440 505 1506 rebus
529 1440 706 1506 declaravit
728 1444 798 1504 tum
822 1440 962 1504 maxime
985 1438 1020 1503 in
1043 1438 1208 1522 Amyntae
1232 1438 1335 1506 Macc-

158 1530 248 1596 donis
276 1529 389 1595 liberis
417 1529 557 1595 tuendis.
602 1527 751 1614 Namque
774 1527 948 1612 Eurydice,
977 1531 1081 1591 mater
1103 1526 1277 1593 Perdiccae
1305 1533 1336 1593 et

157 1618 316 1704 Philippi,
344 1641 416 1684 cum
444 1618 495 1682 his
525 1618 650 1683 duobus
674 1616 783 1702 pueris
807 1616 953 1700 Amynta
976 1620 1105 1682 mortuo
1130 1616 1171 1680 ad
1193 1616 1338 1701 Iphicra-

123 1722 138 1769 a
160 1713 224 1772 tem
249 1707 395 1794 confugit
419 1706 552 1791 eiusque
576 1707 692 1790 opibus
718 1705 850 1771 defensa
869 1710 927 1770 est.
963 1704 1057 1770 Vixit
1076 1706 1117 1768 ad
1135 1710 1337 1772 senectutem

157 1797 297 1880 placatis
325 1797 360 1860 in
389 1818 422 1861 se
452 1817 583 1860 suorum
612 1795 730 1860 civium
756 1794 882 1859 animis.
929 1791 1067 1858 Causam
1094 1794 1210 1879 capitis
1236 1796 1337 1860 semel

157 1883 254 1969 dixit,
286 1884 373 1949 bello
402 1883 528 1969 sociali,
561 1883 658 1949 simul
687 1905 759 1947 cum
787 1882 974 1966 Timotheo,
1007 1904 1108 1966 eoque
1136 1882 1258 1948 iudicio
1289 1888 1338 1949 eat

122 1973 339 2038 rabsolutus.
377 1970 568 2039 Menesthea
585 1972 689 2036 filium
708 1971 843 2056 reliquit
867 1993 905 2036 ex
925 1970 1090 2036 Thraessa
1107 1977 1239 2058 natum,
1264 1971 1339 2038 Ooti

158 2061 245 2144 ragis
268 2061 347 2127 filia.
391 2060 424 2125 Is
449 2083 520 2125 oum
544 2061 815 2146 interrogaretur,
844 2064 953 2124 utrum
976 2060 1094 2145 pluris,
1116 2065 1246 2144 patrem
1269 2084 1337 2127 ma·

157 2153 297 2233 tremne,
329 2148 466 2235 faceret,
490 2144 653 2215 ‘Matrem'
684 2150 800 2235 inquit.
854 2148 891 2213 Id
925 2171 997 2213 cum
1031 2149 1181 2214 omnibus
1217 2151 1339 2216 mirum

157 2238 336 2324 videretur,
359 2242 394 2302 at
416 2239 472 2303 ille
492 2233 633 2304 ‘Merito'
657 2238 765 2325 inquit
784 2235 890 2303 ‘facio
935 2237 1022 2303 Nam
1045 2242 1153 2322 pater,
1177 2244 1340 2322 quantum

157 2327 190 2392 in
211 2349 245 2392 se
262 2327 338 2412 fuit,
358 2327 534 2393 Thraecem
554 2350 605 2392 me
625 2330 753 2412 genuit,
772 2330 885 2393 contra
905 2348 942 2391 ea
957 2330 1062 2391 mater
1077 2324 1339 2395 Atheniensem'.

191 2501 249 2567 fait
261 2517 322 2554 sau
332 2507 390 2555 erat
399 2502 533 2572 dipaitate
542 2503 618 2572 repis
632 2502 653 2567 I,
664 2508 719 2568 2,3.
810 2501 988 2555 bellosocioli.
1003 2499 1339 2570 DenBundesgenossen·

195 2570 279 2638 Quem
302 2571 409 2639 quidem
435 2589 455 2626 s.
475 2588 509 2624 zu
533 2572 585 2638 Ill,
607 2579 629 2639 1,
641 2578 665 2628 3.
686 2603 718 2612 -
773 2570 854 2638 krieg
872 2571 966 2625 ffihrte
981 2571 1075 2626 Athen
1089 2587 1181 2642 gagen
1196 2571 1274 2627 seina
1289 2575 1339 2628 ab·

158 2639 291 2694 Fabiani.
328 2639 393 2694 Wie
417 2656 446 2694 es
472 2640 595 2709 scheint,
623 2642 662 2697 ist
684 2659 720 2696 an
773 2641 935 2710 gafallenen
962 2642 1215 2712 Bundesgenoasen
1244 2644 1338 2713 Chios,

157 2709 261 2765 Fabius
281 2709 433 2764 Cunctator
452 2729 485 2765 zu
504 2711 623 2766 denken.
773 2711 894 2781 Byzanz,
917 2712 1033 2766 Rhodos
1057 2720 1203 2769 aaa-355
1227 2732 1252 2769 v.
1273 2714 1339 2769 Chr.

193 2787 218 2837 ὅ.
292 2783 456 2837 amittendae
473 2784 589 2852 Impetus
607 2783 659 2837 auf
673 2783 719 2838 dIe
808 2785 892 2838 simul
921 2800 982 2839 cam
1011 2785 1154 2840 Timotheo.
1200 2786 1339 2840 Ausftihr-

158 2851 242 2906 Stadt
280 2854 370 2922 parta.
402 2852 466 2922 Vgl.
485 2852 575 2922 XVII,
596 2861 656 2922 o,1.
773 2853 894 2909 licheres
913 2855 1033 2909 dartiber
1051 2873 1072 2911 s.
1087 2855 1165 2924 XIII,
1185 2862 1210 2911 3.

192 2923 719 3065 {arcesserem
773 2925 1338 3054 ιιιιιε

156 3067 268 3122 hoamis
285 3083 386 3123 cormac
403 3067 470 3121 VIII
502 3073 563 3136 4,1.
775 3068 898 3135 Thraca,
918 3068 995 3123 einer
1008 3067 1337 3139 Nebenformvffitran,

192 3139 251 3207 ipso
269 3136 363 3208 ‘blolt,
383 3111 487 3194 schonl.
773 3137 819 3192 die
844 3138 904 3208 sich
932 3156 981 3192 aus
1005 3139 1069 3194 dem
1093 3160 1111 3192 α
1134 3138 1165 3193 in
1190 3142 1268 3210 Θρᾶξ
1295 3159 1336 3197 er-

192 3215 217 3263 a.
231 3205 656 3280 remiseas‘achlaff’.—patieas
665 3208 718 3264 wie
772 3208 856 3264 klltrt.
892 3198 968 3264 Uber
986 3227 1019 3264 aar
1040 3194 1186 3266 bci⁴aoccr⁸
1208 3195 1283 3266 a'au
1302 3213 1337 3281 ΙΙ,

156 3278 217 3346 VII,
230 3286 284 3346 1,3.
303 3268 551 3350 llb.I’heopompuc
561 3280 633 3336 sdic
644 3279 718 3335 Einl.
774 3285 797 3347 1,
813 3286 837 3333 2.
866 3310 900 3321 -
929 3280 1002 3347 (loti,
1033 3281 1083 3335 der
1110 3281 1200 3336 Name
1228 3283 1336 3338 lautete

193 3351 280 3403 tonas
297 3349 351 3404 wie
370 3349 448 3418 VIII,
468 3358 493 3418 2,
503 3356 528 3405 4.
687 3357 688 3360 ’
772 3349 1338 3422 eigentlichCotys,worausd1eR6mer

191 3418 341 3488 Amyntas,
355 3418 513 3489 Konigvon
523 3421 716 3491 Makedonien,
773 3421 855 3477 Ootas
872 3421 1013 3477 machten.

156 3489 243 3542 Vater
282 3487 414 3558 Philipps
459 3491 517 3544 und
561 3491 719 3548 Grollvater
806 3498 902 3548 atram
916 3489 1051 3547 ‘walchen
1066 3509 1122 3548 von
1135 3493 1256 3550 beiden'.
1283 3495 1338 3551 Die

156 3559 328 3614 Alexanders
348 3559 397 3613 des
417 3559 463 3616 Gr.
772 3560 946 3632 disjunktive
964 3564 1054 3634 Frage
1079 3565 1194 3620 besteht
1215 3584 1267 3619 nur
1286 3583 1337 3622 aus

192 3632 289 3700 opibus
315 3629 370 3685 wie
396 3631 421 3699 I,
447 3637 472 3699 5,
488 3636 512 3686 5.
549 3633 610 3703 Iph.
634 3636 717 3689 stand
772 3633 943 3688 denWorten
947 3642 1056 3704 patrem
1064 3643 1219 3704 matremne,
1227 3637 1338 3693 welche

157 3702 265 3756 damals
288 3704 364 3774 (368)
387 3703 441 3757 mit
463 3702 555 3758 cinam
573 3704 664 3760 Heere
687 3705 717 3760 in
772 3704 818 3759 die
836 3704 1007 3776 Appositiou
1026 3723 1060 3760 au
1078 3713 1172 3762 atram
1190 3707 1296 3763 bilden.

156 3772 308 3830 Thrakien.
806 3782 837 3832 at
847 3778 894 3832 ille
907 3776 978 3832 hebt
991 3778 1047 3832 den
1057 3777 1216 3847 Gegensatz
1230 3779 1336 3834 aufw‘a-

192 3851 217 3900 3.
243 3845 364 3914 placatis
386 3845 418 3899 ia
440 3861 468 3900 ce
485 3842 557 3899 ‘ihm
580 3843 716 3916 geneigt',
771 3848 846 3918 gend
857 3848 954 3902 scharf
959 3846 1177 3903 hervor:‘dieser
1187 3849 1337 3920 dagegen'‚

156 3914 716 4043 {tsrllllhtltlltdslslh·
771 3918 1338 4046 aTlillnmallllililllillallelld

156 4055 218 4112 sich
237 4057 414 4125 ergebenden
431 4057 555 4112 Zustand
577 4060 635 4114 und
653 4008 718 4114 sind
770 4008 843 4130 tugnp}
855 4060 909 4115 mis
922 4060 999 4116 einer
1011 4061 1178 4117 Thrakierin
1195 4062 1337 4118 bewirlrte

156 4127 246 4182 durch
264 4123 381 4182 ‘indam’
399 4127 569 4186 aulzulosen.
772 4147 812 4199 er,
833 4130 890 4184 dall
905 4131 965 4186 sein
979 4132 1057 4187 Sohn
1070 4149 1126 4187 von
1139 4134 1338 4190 mutterlicher

192 4198 284 4254 (lausa
299 4200 399 4269 capitae
413 4196 563 4270 ‘peinliche
578 4200 716 4272 Anklage,
772 4201 847 4256 Seite
866 4201 912 4256 ein
931 4202 1069 4258 Thrakier
1087 4204 1191 4262 warde.

155 4267 421 4340 Kriminalpr'ozell'.
452 4259 528 4326 llber
546 4288 658 4328 caucam
675 4274 716 4328 ci·
806 4275 838 4327 ira
855 4288 897 4326 se:
921 4272 967 4328 dio
986 4275 1075 4344 Regel
1097 4275 1222 4330 forderte
1241 4275 1272 4330 in
1291 4292 1335 4332 eo.

155 4354 213 4394 cere
235 4357 256 4395 s.
276 4357 310 4394 au
328 4340 394 4408 VII,
413 4348 437 4409 4,
449 4348 473 4399 3.
806 4349 902 4399 contra
920 4361 951 4399 co
975 4363 996 4401 s.
1016 4362 1049 4398 zu
1068 4345 1133 4416 Vll,
1153 4353 1178 4415 8,
1188 4354 1213 4401 4.
