2790 4882
471 243 519 299 rx.
547 241 680 298 couou.
718 242 796 299 car.
816 251 841 299 a.
861 251 885 298 a.
1226 250 1266 314 57

88 407 181 493 apud
203 427 299 491 quern
323 412 360 472 ut
382 409 522 473 multum
546 407 653 492 gratia
676 407 813 491 valeret,
836 408 940 472 multo
961 407 1072 474 labore
1091 409 1268 494 multisque
1304 483 1306 488 ,

89 495 201 562 effecit
227 495 391 581 periculis.
437 496 525 562 Nam
552 519 625 561 cum
649 495 911 581 Lacedaemonii,
939 494 1194 562 Atheniensibus
1218 498 1303 564 dea

88 586 205 670 victis,
230 585 266 650 in
290 585 446 651 societate
469 608 535 650 non
557 588 739 669 manerent,
767 607 865 670 quam
888 607 961 650 cum
984 586 1164 651 Artaxerxe
1187 588 1269 653 fece·
1283 615 1322 655 aaa

87 679 180 759 rant,
216 672 471 759 Agesilaumque
508 675 667 740 bellatum
699 674 867 739 misissent
898 674 933 738 in
965 675 1091 761 Asiam,
1129 677 1268 742 maxime

88 763 227 848 impulsi
256 785 276 827 a
297 762 529 848 Tissapherne,
557 764 613 848 qui
641 786 679 828 ex
703 763 829 827 intimis
853 763 940 849 regis
964 764 1005 828 ab
1030 764 1175 830 amicitia
1199 765 1268 831 eius

89 853 254 918 defecerat
282 858 316 916 et
342 875 416 917 cum
439 852 704 918 Lacedaemoniis
728 851 850 918 coierat
873 852 1077 918 societatem:
1104 853 1190 919 hunc
1213 855 1268 919 ad·

87 963 204 1007 versus
233 940 462 1006 Pharnabazus
495 941 627 1006 habitus
661 944 712 1006 est
743 941 936 1026 imperator,
968 963 1003 1006 re
1032 942 1162 1026 quidem
1193 965 1270 1008 vera

89 1030 249 1095 exercitui
277 1030 421 1114 praefuit
445 1028 573 1115 Conon,
601 1030 735 1114 eiusque
764 1029 873 1095 omnia
901 1030 1037 1095 arbitrio
1066 1035 1161 1115 gesta
1185 1035 1269 1098 sunt.

88 1118 154 1184 Hie
182 1118 325 1184 multum
353 1118 466 1184 ducem
495 1141 658 1185 summum
687 1117 879 1205 Agesilaum
906 1119 1079 1204 impedivit
1108 1136 1304 1206 saepeque3

90 1209 160 1274 eius
181 1207 328 1273 consiliis
348 1208 493 1273 obstitit:
516 1230 621 1293 neque
640 1230 717 1273 vero
735 1230 802 1273 non
819 1207 882 1273 fuit
901 1213 1065 1293 apertum,
1083 1208 1112 1273 si
1129 1209 1186 1274 ille
1204 1232 1270 1274 non

89 1297 222 1381 fnisset,
251 1296 442 1381 Agesilaum
466 1297 581 1361 Asiam
604 1296 712 1362 'I'auro
735 1300 831 1362 tenus
855 1298 926 1381 regi
948 1296 1050 1363 fuisse
1074 1302 1305 1382 erepturum.4

90 1385 154 1462 Qui
184 1390 401 1470 posteaquam
430 1386 562 1450 domum
593 1408 612 1450 a
640 1385 708 1451 suis
736 1386 859 1450 civibus
890 1390 1061 1451 revocatus
1090 1391 1152 1471 est,
1184 1388 1269 1471 quod
1284 1418 1324 1458 394

91 1474 224 1540 Boeotii
248 1478 283 1539 et
305 1474 523 1540 Athenienses
547 1474 813 1540 Lacedaemoniis
836 1474 959 1540 bellum
982 1475 1179 1560 indixerant,
1208 1473 1269 1540 Oo-

90 1585 156 1628 non
179 1562 285 1627 nihilo
310 1564 411 1628 setius
436 1565 522 1648 apud
544 1563 725 1648 praefectos
749 1564 836 1649 regis
862 1563 1051 1629 versabatur
1074 1564 1179 1647 iisque
1203 1586 1269 1630 onr-

91 1651 187 1717 nibus
212 1672 333 1737 magno
358 1657 429 1718 erat
451 1652 534 1717 usui.

181 1759 213 1825 3.
253 1759 421 1824 Defecerat
448 1781 468 1824 a
494 1780 571 1846 rege
599 1757 849 1844 Tissaphernes,
881 1780 984 1843 neque
1014 1758 1047 1823 id
1077 1763 1146 1824 tam
1173 1757 1270 1825 Arta·

91 1847 182 1912 xerxi
201 1870 298 1932 quam
318 1848 432 1914 ceteris
452 1853 523 1914 erat
542 1852 699 1933 apertum.
741 1847 856 1912 Multis
880 1849 966 1913 enim
989 1849 1181 1935 magnisque
1205 1871 1269 1913 me-

91 1935 165 2002 ritis
190 1936 277 2021 apud
300 1959 424 2023 regem,
451 1936 551 2002 etiam
575 1959 648 2002 cum
671 1937 706 2001 in
729 1936 836 2002 officio
859 1959 925 2003 non
948 1941 1106 2017 maneret,
1131 1935 1270 2003 valebat.

91 2023 207 2110 Neque
226 2025 259 2090 id
278 2030 349 2091 erat
372 2027 569 2111 mirandum,
593 2026 622 2090 si
644 2048 710 2091 non
732 2025 828 2091 facile
852 2025 893 2090 ad
917 2026 1112 2092 credendum
1135 2026 1270 2092 adduce·

90 2115 205 2200 batur,
237 2115 449 2180 reminiscens
482 2115 551 2179 eius
579 2137 615 2180 se
643 2136 742 2198 opera
770 2111 892 2198 Cyrum
923 2115 1059 2180 fratrem
1092 2137 1270 2201 superasse.

92 2203 200 2268 Huius
220 2203 392 2269 accusandi
411 2203 518 2290 gratia
538 2202 653 2270 Conon
671 2225 691 2268 a
709 2203 919 2268 Pharnabazo
943 2204 984 2269 ad
1007 2224 1118 2288 regem
1140 2205 1270 2289 missus,
1289 2221 1305 2268 a

92 2297 308 2376 posteaquam
328 2292 430 2378 venit,
453 2293 595 2377 primum
620 2314 657 2357 ex
677 2314 767 2357 more
786 2291 959 2358 Persarum
983 2293 1024 2356 ad
1049 2292 1270 2377 chiliarchum,
1285 2321 1326 2364 395

87 2484 157 2539 dam
171 2483 267 2554 Konig
280 2483 433 2539 rerwandt.
448 2515 481 2525 -
500 2486 585 2556 repis,
604 2477 654 2539 des
744 2485 817 2538 burae
842 2485 984 2551 adversus,
1009 2484 1066 2552 vgl.
1089 2486 1163 2539 huuc
1190 2486 1270 2539 quta

92 2555 308 2624 Perserlrdnigs,
340 2556 413 2609 nach
443 2556 507 2611 dem
536 2555 653 2626 Sprach-
709 2555 756 2622 IV,
776 2561 800 2622 4,
811 2561 836 2610 4.
852 2586 886 2595 —-
904 2555 1015 2610 habitus
1030 2562 1069 2611 est
1086 2572 1154 2612 usw.
1186 2555 1271 2609 Jener

92 2626 238 2696 gebrauch
276 2626 327 2680 der
357 2625 509 2693 Griechen‚
547 2627 654 2681 welche
709 2626 783 2696 galt
797 2644 849 2680 nur
863 2626 908 2680 fiir
923 2627 978 2681 den
991 2626 1158 2694 Feldherrn‚
1178 2625 1271 2682 dieser

91 2698 188 2768 haufig
207 2698 264 2752 den
272 2697 460 2766 Perserkdnig
478 2696 547 2753 bloss
566 2697 655 2752 durch
709 2714 766 2751 war
789 2714 818 2752 es
844 2698 879 2751 in
901 2698 960 2752 der
982 2697 1076 2754 Thai.
1112 2686 1189 2753 liber
1211 2699 1271 2767 qui·

93 2765 351 2841 dacrledg‘lidnig'
363 2769 436 2823 ohne
455 2768 589 2824 weiteren
603 2769 653 2822 Zu-
710 2770 769 2824 dem
788 2787 809 2824 s.
824 2787 857 2822 zu
876 2769 915 2835 ΙΙ,
936 2776 1012 2836 10,3.

92 2842 151 2895 sala
169 2839 380 2896 bezeichneten.
746 2846 771 2895 3.
789 2840 860 2906 Hic,
879 2840 988 2896 Korion.
1004 2871 1037 2881 —
1052 2841 1167 2896 multum
1182 2839 1235 2894 wie
1249 2840 1269 2901 Ι,

128 2913 205 2982 apred
232 2929 310 2981 quem
335 2918 367 2966 ul
394 2929 462 2968 usw.
499 2911 612 2966 Konstr.
632 2917 657 2966 et
710 2916 735 2978 8,
746 2917 771 2965 2.
786 2942 819 2950 —
834 2911 941 2965 Betone
955 2912 1050 2966 ducem
1063 2907 1271 2966 summum‘den

93 2985 180 3052 effecit
201 2984 286 3038 multo
305 2983 396 3038 labore
418 2983 562 3051 multisque
581 2983 655 3051 peri-
711 2999 741 3037 so
768 2980 1019 3050 ausgezeiehneten
1037 2981 1192 3036 Feldherrn
1209 2977 1269 3050 Ag?

94 3056 178 3123 culm,
200 3060 234 3108 ut
251 3055 329 3123 apud
346 3071 407 3109 eum
425 3071 492 3109 usw.
511 3084 545 3094 -
564 3055 657 3123 pratia
745 3068 829 3121 aeque
846 3068 907 3106 uero
925 3069 982 3106 aaa
1000 3051 1053 3106 wie
1072 3052 1151 3118 VIII,
1171 3058 1231 3118 Η.

93 3127 192 3181 valeret
205 3124 258 3179 wie
271 3125 303 3193 V,
318 3132 342 3192 2,
355 3131 369 3178 1
384 3127 547 3180 auctoritate
559 3125 655 3180 ualuit.
746 3129 771 3178 4.
800 3124 910 3190 bellum,
934 3124 984 3182 der
1008 3125 1179 3190 sagenannta
1198 3121 1269 3175 Βόο-

128 3211 154 3260 2,
169 3206 305 3272 ‚wrong
322 3206 392 3260 fiber
410 3206 442 3260 de
461 3205 575 3272 mu1,
595 3212 619 3272 2,
631 3210 656 3259 2,
709 3193 1005 3248 hisch-Korinthischa
1028 3192 1115 3263 Krieg
1139 3209 1196 3248 von
1218 3199 1270 3247 395

127 3276 303 3339 Artuoeeraes,
324 3294 344 3330 s.
371 3294 405 3330 zu
430 3276 496 3344 VII,
524 3282 550 3344 9,
569 3282 593 3332 ὃ.
623 3307 656 3316 -
710 3266 754 3320 bis
774 3271 835 3320 387·

94 3349 223 3403 bellatum
243 3347 349 3402 welche
367 3347 470 3409 Formi
746 3355 775 3409 3,
806 3361 829 3410 1,
852 3362 910 3409 tam
925 3387 956 3394 -
972 3371 1054 3423 quam
1073 3371 1094 3408 s,
1109 3372 1141 3407 zu
1156 3353 1189 3419 v,
1211 3359 1269 3420 1‚3,

128 3444 162 3484 eoe
175 3428 284 3482 intimis
296 3423 509 3499 repis‘ausder
523 3426 592 3480 Zahl
607 3427 657 3481 der
746 3427 846 3482 Multis
864 3457 897 3466 -
917 3428 1020 3480 meritis
1038 3425 1145 3496 ‘wegen
1164 3421 1216 3480 -·’.

93 3499 264 3553 Vertrauten
283 3498 332 3553 des
350 3494 479 3567 Kdnigs’.
517 3499 574 3552 Der
587 3498 655 3553 Ver·
747 3497 849 3569 Cyrus,
868 3499 919 3552 der
936 3497 1072 3567 Iungere,
1096 3497 1204 3552 Bruder
1223 3497 1272 3551 des

93 3572 137 3624 rat
164 3570 214 3624 des
238 3569 441 3640 Tissaphernes
468 3584 527 3622 war
551 3569 657 3639 jedoch
711 3569 891 3636 Artaxerxes,
929 3572 1055 3639 empb'rte
1089 3568 1150 3623 sich
1181 3585 1272 3637 gegen

93 3640 271 3710 heineswegs
307 3641 454 3706 erwiesen3
492 3640 583 3694 falsch
619 3639 658 3694 ist
711 3638 821 3708 diesen,
850 3641 897 3694 fiel
920 3642 988 3695 aber
1012 3639 1042 3693 in
1066 3640 1116 3693 der
1139 3639 1274 3693 Schlaoht

94 3712 278 3782 wenigstens,
298 3712 355 3766 dass
375 3729 405 3767 er
423 3712 469 3766 die
483 3711 656 3766 Laked'rlmo·
710 3711 758 3765 bei
775 3711 893 3765 Kunaxa
911 3718 971 3765 401.

94 3782 154 3838 nier
181 3801 246 3837 zum
268 3782 372 3852 Kriega
399 3781 547 3838 veranlallt
573 3782 656 3837 haba.
747 3799 829 3852 opero
847 3800 868 3836 s.
884 3800 917 3835 zu
933 3782 982 3848 VI,
1005 3789 1027 3848 1,
1038 3789 1062 3836 3.

94 3854 132 3907 Er
161 3854 253 3908 selbst
284 3855 410 3925 hampfte
441 3856 534 3908 rueret
564 3871 657 3922 gagen
746 3861 772 3908 2.
790 3856 889 3908 missas
902 3853 962 3906 lose
976 3852 1066 3906 durch
1075 3846 1135 3904 ‘als'
1149 3848 1199 3903 auf
1214 3849 1295 3915 und,

94 3924 257 3995 Agesilaus,
280 3926 334 3980 wie
353 3926 425 3996 Nep.
444 3926 534 3992 XVII,
559 3930 619 3978 au.
640 3929 673 3980 3'
712 3924 799 3979 ordne
825 3925 912 3977 dann:
942 3925 1067 3990 accessit,
1094 3927 1272 3990 posteaquam

93 3996 199 4066 richtig
214 3997 332 4063 emahlt3
351 3999 408 4051 und
424 3998 494 4064 erat,
509 3996 551 4049 als
566 4012 596 4050 er
609 3996 661 4050 auf
710 3997 784 4051 uenit
803 3996 850 4065 (ad
864 3999 983 4065 regem),
998 3996 1121 4064 mimum
1140 3992 1177 4046 od
1195 3993 1271 4046 abili·

95 4067 140 4123 die
168 4068 383 4137 Verleumdung
418 4068 510 4123 seiner
544 4065 657 4136 Gegner
711 4068 823 4122 archum
838 4084 905 4122 usw.
928 4065 1156 4121 DerNehensatz
1165 4069 1271 4131 postea-

95 4141 170 4210 (395)
210 4139 404 4210 hingeriehtet
439 4139 554 4193 worden
589 4155 656 4207 war,
711 4155 793 4208 quum
804 4140 877 4193 veuit
891 4137 966 4191 kann
979 4136 1019 4190 im
1029 4137 1061 4191 D.
1072 4134 1118 4189 ein
1128 4133 1271 4187 Substant.

95 4211 206 4265 wandte
231 4211 291 4264 sich
315 4210 398 4282 Ages.
418 4228 510 4281 gagen
533 4209 656 4264 Pharna·
711 4227 747 4263 m.
757 4209 966 4280 Prapaerden.
977 4240 1010 4248 -
1026 4224 1058 4262 ex
1071 4222 1156 4272 more,
1171 4204 1228 4273 ng.
1240 4221 1273 4259 ex

95 4280 189 4337 barus.
224 4281 314 4336 Samii
331 4282 400 4336 fulla
419 4283 492 4337 auch
511 4283 556 4336 die
571 4281 656 4336 nach·
706 4288 791 4349 paeto
809 4282 834 4348 Ι,
854 4287 918 4348 2‚r;
938 4279 1117 4334 assentantis
1131 4275 1195 4356 VII,
1213 4282 1236 4343 I,
1249 4282 1271 4329 l.

95 4353 145 4408 her
164 4353 289 4408 erathltc
309 4352 443 4423 Sendung
462 4354 511 4407 des
531 4353 601 4408 Kon.
621 4369 658 4406 an
748 4354 926 4419 chiliarchus,
948 4343 1271 4420 prliuppoe‘Chrliarch',

40 4474 42 4481 .
95 4423 263 4480 Artaxerxes
282 4424 387 4480 bereits
405 4424 434 4478 in
454 4425 505 4478 das
524 4424 548 4479 J.
565 4430 625 4481 395.
712 4422 867 4492 eigentlich
885 4422 931 4477 ein
951 4421 1052 4476 Oberst
1070 4419 1139 4473 uber
1159 4424 1236 4475 1000.
