2790 4882
421 252 494 306 xvi.
523 251 734 309 Panormus.
772 252 850 311 car.
873 261 896 309 1.
915 260 940 309 ι.
1229 258 1270 323 97

87 419 274 503 potestates
295 415 450 481 dederant
469 417 667 501 alteriusque
685 416 839 482 factionis
857 418 1021 503 principes
1036 419 1156 503 partim
1170 419 1271 484 inter-

90 507 251 590 fecerant,
274 505 357 569 alios
380 505 414 569 in
439 505 589 570 exsilium
613 505 789 591 eiecerant3
814 506 989 591 inquibus
1013 506 1187 592 Pelopidas
1210 506 1272 592 hic,

89 595 132 660 de
156 617 221 681 quo
247 594 388 659 scribere
411 594 518 659 exorsi
542 616 668 680 sumus,
691 596 805 679 pulsus
829 596 936 679 patria
959 595 1098 661 carebat.

181 703 213 766 2.
249 700 295 764 Hi
323 722 434 766 omncs
462 700 530 765 fere
554 700 701 765 Athenas
730 723 764 766 se
787 701 1008 787 contulerant,
1035 723 1100 767 non
1129 724 1193 787 quo
1223 723 1272 769 se-

87 793 269 875 querentur
292 789 412 874 otium,
441 789 497 854 sed
519 793 571 875 ut,
599 811 694 874 quem
724 812 763 855 ex
786 791 935 875 proximo
958 791 1065 855 locum
1087 791 1154 856 fors
1178 791 1271 856 obtu-

87 880 201 962 lisset,
229 899 266 942 eo
290 878 433 963 patriam
457 900 647 963 recuperare
669 878 861 945 niterentur.
905 880 1022 964 Itaque
1046 901 1117 944 eum
1142 884 1306 965 tempusa

87 973 143 1033 est
165 968 274 1032 visum
296 967 344 1032 rei
364 967 537 1052 gerendae,
561 968 777 1032 communiter
795 989 869 1033 cum
887 968 942 1054 iis,
967 969 1023 1054 qui
1041 967 1162 1035 Thebis
1181 969 1269 1035 idem

88 1056 292 1137 sentiebant,
321 1055 407 1120 diem
437 1056 629 1140 delegerunt
657 1056 697 1121 ad
724 1057 873 1122 inimicos
902 1057 1133 1142 opprimendos
1161 1058 1272 1123 civita-

88 1151 223 1230 temque
246 1145 449 1210 liberandam
473 1167 560 1226 eum,
590 1167 653 1230 quo
676 1144 812 1210 maximi
838 1146 1052 1233 magistratus
1077 1147 1175 1212 simul
1198 1169 1272 1213 con-

88 1237 225 1300 suerant
257 1234 393 1318 epulari.
443 1232 584 1320 Magnae
616 1256 714 1320 saepe
745 1256 797 1299 res
829 1256 896 1300 non
926 1235 974 1299 ita
1005 1236 1135 1320 magnis
1168 1236 1306 1320 copiisa

88 1327 168 1389 sunt
189 1327 316 1407 gestae:
340 1323 396 1387 sed
416 1323 561 1408 profecto
583 1346 750 1409 nunquam
773 1328 842 1388 tam
866 1324 907 1388 ab
926 1324 1017 1388 tenui
1040 1324 1135 1388 initio
1159 1329 1272 1391 tantae

88 1433 169 1498 opes
198 1416 275 1478 sunt
302 1412 507 1498 profligatae.
552 1410 637 1478 Nam
661 1412 830 1478 duodecim
861 1413 1095 1478 adulescentuli
1126 1414 1272 1478 coierunt

89 1502 207 1587 exiis,
231 1501 287 1586 qui
306 1501 420 1566 exsilio
444 1506 537 1566 erant
559 1502 705 1586 multati,
729 1522 801 1566 cum
824 1501 957 1566 omnino
980 1523 1046 1567 non
1070 1505 1179 1567 essent
1202 1524 1271 1566 am·

87 1590 176 1675 plius
201 1594 345 1671 centum,
373 1589 428 1674 qui
450 1593 546 1655 tanto
566 1612 612 1693 ,se
636 1590 791 1656 offerrent
811 1591 968 1692 periculo.
1007 1589 1085 1693 ,Qua
1106 1591 1271 1693 paucitate

87 1679 1053 1853 {titulattiltttttttltltsillisi
1071 1691 1306 1834 illudar

87 1857 251 1940 tulerunt,
275 1857 331 1942 qui
354 1857 516 1942 principes
541 1861 634 1922 crant
656 1857 759 1922 totius
782 1856 951 1943 Graeciae,
982 1879 1118 1943 quorum
1142 1857 1272 1943 imperii

87 1946 262 2031 maiestas,
279 1967 384 2031 neque
403 1947 450 2011 ita
469 1947 573 2011 multo
592 1950 683 2032 post,
703 1945 875 2012 Leuctrica
893 1967 1016 2034 pugna,
1036 1947 1077 2012 ab
1095 1946 1158 2011 hoc
1175 1946 1270 2013 initio

120 2144 268 2219 pouatatec
281 2136 334 2192 wie
352 2138 378 2204 I,
399 2145 424 2206 3,
436 2144 460 2192 5.
475 2168 510 2179 -
524 2139 655 2221 deduarn
707 2137 789 2192 uutiv
799 2138 854 2193 soll
863 2137 910 2193 dic
920 2136 1171 2220 Germgfdgigkeit
1179 2137 1272 2194 dieser

86 2227 157 2266 usw.
202 2208 256 2263 Die
283 2208 566 2279 Plusquamperfekte
598 2226 653 2264 wic
707 2209 806 2264 Macht
822 2210 897 2264 noch
916 2210 1270 2265 anschauhchcrmachen.

87 2280 163 2362 VH,
176 2287 199 2349 7,
211 2285 236 2336 5·
257 2311 291 2320 -
309 2281 416 2362 parlim
435 2281 559 2362 -μῑὶθθ
583 2282 655 2362 altit
742 2305 800 2344 non
812 2290 932 2359 amplius
946 2294 1053 2344 centurn
1071 2306 1092 2345 s.
1108 2305 1142 2342 zu
1160 2289 1200 2357 II,
1220 2295 1269 2357 5,2

87 2353 353 2434 carta-carim
368 2351 652 2420 oderahos-ahos,
707 2361 800 2416 mauu
818 2361 913 2416 cunc
930 2361 1054 2441 capua.
1093 2358 1131 2414 us
1150 2359 1270 2428 scheint,

88 2439 135 2478 an
149 2422 236 2507 ,mcht
254 2422 375 2504 seltener
392 2423 533 2477 chhsel.
708 2431 765 2485 aaa
783 2448 849 2485 man
871 2432 955 2484 unur
974 2447 1056 2500 Jener
1073 2429 1142 2485 zahl
1166 2432 1270 2486 sowohl

125 2492 493 2563 btt‘unfler'‚W101‚6‚3·
708 2501 754 2558 die
780 2502 1065 2557 Mitvarschwcrencn
1092 2500 1123 2554 in
1145 2501 1270 2571 Theben,

120 2566 224 2636 What
239 2564 291 2618 <818
310 2561 508 2621 Verbannler'·
602 2575 605 2580 ⁴
674 2590 676 2594 ’
707 2575 750 2628 als
770 2573 815 2628 die
829 2572 950 2643 librigen
958 2572 1140 2628 Verbannten
1158 2591 1191 2627 zu
1209 2591 1270 2629 ver·

125 2653 155 2710 2.
185 2660 209 2710 1.
233 2669 359 2723 nonque
376 2660 551 2723 sequerentur
568 2655 654 2710 otium
708 2646 808 2700 stehen
832 2645 894 2714 hat,
918 2643 1026 2699 welche
1044 2644 1095 2699 das
1113 2643 1270 2728 Unterneh·

96 2724 652 2866 crimineriricca,
707 2715 1271 2869 tstettrtttutsstlllta

87 2883 119 2924 ρο
136 2868 245 2922 houm,
263 2874 296 2924 ut
313 2884 343 2923 eo
367 2867 460 2937 (namt
479 2868 553 2934 1000)
576 2883 653 2937 quem
708 2857 931 2912 Schnftstellern
956 2857 1008 2912 auf
1035 2858 1115 2913 mehr
1147 2857 1189 2913 als
1217 2864 1269 2915 300

87 2940 178 2996 locum
197 2955 230 2994 en
243 2940 372 3008 monimo
389 2941 448 3007 fors
466 2940 612 2994 obtulisset.
707 2929 881 3013 angejss‘lbssn·
1050 2999 1056 3010 ,

126 3017 150 3066 2,
179 3027 241 3066 cum
263 3010 321 3080 vgl,
344 3009 394 3078 IX,
422 3015 476 3077 ῃ
503 3027 565 3065 cum
588 3016 653 3065 sm
742 3018 790 3069 qur
817 3016 844 3054 se
871 3000 997 3067 offerrent
1025 2998 1095 3054 ‘sich
1122 3003 1270 3056 aussetren

83 3082 218 3137 ⁴(retractae,
237 3112 271 3121 .-
296 3087 402 3150 tempus
424 3080 478 3135 wie
497 3081 562 3147 Vll,
586 3086 611 3148 5,
626 3087 652 3135 2,
706 3069 840 3139 wollten’,
860 3088 881 3125 s.
896 3088 930 3124 au
949 3071 975 3138 I,
994 3075 1018 3138 8,
1029 3076 1047 3123 4
1060 3075 1174 3140 pateret.

124 3155 175 3222 qni
192 3153 263 3207 idern
281 3155 433 3207 sentiebant
450 3152 509 3222 vgl.
523 3153 654 3207 adversm
744 3151 805 3222 Qua
833 3168 854 3206 ι.
878 3168 912 3203 zu
934 3148 994 3217 XV,
1019 3155 1074 3217 8,1
1103 3152 1209 3219 annua
1235 3183 1268 3192 -

87 3239 117 3279 cc
140 3225 256 3279 remisse
282 3224 319 3293 X,
341 3231 363 3291 7,
381 3231 404 3279 1.
446 3223 502 3278 Der
528 3222 652 3278 Relatir·
702 3238 834 3292 pncussa
851 3228 893 3276 eat
907 3219 1019 3276 ‘erhielt
1041 3220 1124 3275 einen
1141 3221 1270 3292 heftigeu

89 3297 149 3349 sata
171 3293 235 3349 luat
257 3294 318 3348 sich
341 3294 431 3348 durch
454 3293 499 3350 ein
518 3294 652 3349 Substan·
708 3290 798 3349 Stoss’.

88 3365 132 3420 tiv
146 3365 351 3435 wiedergeben.
368 3398 400 3406 -
420 3383 480 3421 enm
498 3366 601 3435 gehort
619 3383 653 3420 zu
742 3371 767 3420 4.
786 3381 843 3419 non
855 3366 943 3434 napta
955 3381 1080 3433 -qnam
1093 3362 1183 3419 ‘nicht
1199 3363 1269 3420 bloll

88 3438 175 3503 dien,
193 3436 247 3490 mit
264 3435 387 3490 welcher
400 3436 520 3492 Absicht
538 3454 574 3491 an
593 3436 652 3492 die·
707 3467 741 3479 -
758 3433 888 3490 sondem'
903 3452 923 3492 s.
940 3452 973 3488 zu
986 3435 1021 3502 V,
1042 3441 1092 3504 1,2
1111 3453 1168 3492 non
1181 3438 1270 3509 mapia

88 3525 138 3563 sen
157 3507 237 3562 Platz
255 3507 388 3578 gestellt?
706 3524 797 3562 ancre
812 3524 894 3577 quarn
912 3508 1108 3563 menuctus.

124 3580 241 3634 inanimi
254 3581 445 3649 napiatratus,
459 3578 536 3634 diese
547 3577 653 3634 hiesseu
738 3580 881 3649 principes
903 3595 923 3634 s.
942 3596 976 3632 zu
999 3579 1037 3647 Il,
1058 3586 1109 3646 6,3
1123 3581 1268 3651 principu-

86 3650 118 3704 in
137 3649 255 3704 Theben
273 3649 527 3705 Polemarchcn.
706 3657 758 3706 tus.
779 3682 812 3691 -
831 3650 959 3704 maiestas
974 3646 1033 3703 ‘das
1051 3649 1127 3704 hohc
1145 3652 1267 3720 Ansehn,

125 3727 150 3776 3.
174 3738 232 3776 non
250 3722 291 3776 ita
309 3720 363 3776 wie
382 3721 429 3788 IV,
450 3727 500 3788 1,a
518 3722 594 3776 haud
611 3723 653 3777 ita
707 3721 754 3776 die
763 3717 975 3803 Herrlichlreit’.
986 3750 1020 3760 -
1032 3736 1116 3789 neque
1129 3722 1170 3776 ita
1183 3724 1268 3778 mutto

84 3809 304 3918 &thttdlflmanu
332 3792 471 3849 amm
497 3825 534 3944 —‚
559 3809 652 3864 comae
702 3791 888 3919 poVchteridd
897 3796 1194 3942 qiudnaabbccinitio
1203 3880 1267 3932 per·

124 3942 181 3991 tam
195 3936 230 3990 ab
245 3936 323 3990 tenui
336 3935 418 3990 initia
432 3933 496 3988 ‘von
509 3949 601 3988 omem
620 3950 651 3988 so
707 3936 796 4002 cuba,
820 3935 953 4000 concidit,
978 3933 1025 3986 dre
1044 3935 1116 3987 erate
1134 3933 1267 3988 Erschiit·

88 4006 259 4060 schwachcn
278 4005 407 4079 Anfapge
434 4002 500 4073 aus’,
524 4005 581 4073 rgl.
601 4010 652 4070 §4
706 4008 809 4075 terung
834 4003 904 4075 ging
928 4020 984 4058 von
1008 4003 1114 4058 diesem
1138 4004 1267 4076 Anfango

88 4079 124 4132 ab
149 4078 199 4132 hoc
221 4078 311 4133 initia
348 4076 472 4130 Ahnlich
504 4092 562 4130 war
595 4083 652 4132 tara
707 4093 768 4144 aus,
802 4077 852 4130 der
880 4075 1119 4129 Zusammensturz
1147 4074 1266 4147 erfolgte

88 4149 207 4219 gestellt
230 4148 276 4212 IV,
296 4155 348 4216 2,5
367 4148 423 4201 und
438 4150 479 4203 ita
496 4147 571 4214 XIV,
591 4153 651 4217 6,1.
706 4147 796 4202 durch
832 4146 879 4201 die
915 4145 1087 4202 leuktrische
1124 4145 1266 4202 Schlacht.

124 4220 233 4273 Betone
257 4221 396 4275 duodecim
414 4215 475 4272 ‘nur
493 4216 597 4272 zwblf’.
618 4250 651 4259 -
706 4218 771 4288 Vgl.
799 4217 890 4286 XVII,
918 4223 976 4285 r‚1
1005 4217 1071 4272 Snce
1097 4218 1180 4273 dubio
1206 4227 1268 4288 poet

88 4292 288 4346 adulescentuli
309 4290 348 4344 iat
370 4289 432 4344 hier
456 4289 653 4361 ehensowenig
706 4290 880 4345 Leuctricam
904 4305 1029 4359 pupnam
1056 4289 1268 4345 Lacedaemonii

89 4379 146 4416 von
169 4378 253 4431 ganz
273 4361 382 4431 jungen
403 4360 512 4415 Leuten
535 4379 568 4415 au
591 4378 652 4417 rer·
706 4377 734 4416 ae
746 4377 889 4429 numnam
902 4360 1053 4428 refecerant
1070 4376 1154 4428 neque
1168 4362 1266 4431 pristi-

89 4434 203 4500 stehen,
223 4431 276 4488 wie
294 4432 373 4500 XIII,
392 4439 418 4501 4,
429 4439 454 4488 2.
486 4433 542 4487 Das
557 4432 652 4487 Demi·
706 4449 773 4487 nura
792 4433 937 4501 imperium
954 4437 1159 4500 recuperarunt.

144 4542 219 4583 cona.
234 4542 323 4582 Nauos.
1037 4527 1051 4575 'l
