2790 4882
137 280 156 345 8
494 273 514 328 Ι.
543 272 749 329 MILTIADES.
788 270 866 328 CAP.
885 279 910 328 3.
930 278 954 327 4.

137 438 331 522 dominatio,
354 458 417 522 quo
437 436 597 502 exstincto
621 437 710 521 ipsos
734 440 898 521 potestate
922 435 1073 521 expulsos
1098 436 1222 500 civibus
1248 436 1317 502 suis

137 548 257 613 poenas
287 527 428 591 daturos.
473 525 589 609 ltaque
618 525 698 590 adeo
727 546 761 589 se
790 525 964 589 abhorrere
993 546 1012 588 a
1036 528 1216 589 ceterorum
1240 547 1317 590 con-

138 616 227 702 silio,
259 620 296 680 ut
327 614 410 679 nihil
442 617 537 699 putet
568 614 649 699 ipsis
681 613 797 678 utilius
830 635 928 698 quam
960 614 1145 678 confirmari
1177 634 1318 698 regnum

103 717 118 766 o
138 703 319 770 Persarum.
364 702 471 767 Huius
496 724 569 767 cum
593 702 790 767 sententiam
813 702 945 787 plurimi
969 708 1079 767 essent
1103 702 1219 787 secuti,
1242 703 1318 767 Mil-

137 793 256 878 tiades,
284 814 350 857 non
378 789 529 856 dubitans
558 796 626 856 tarn
650 792 762 855 multis
787 791 924 856 consciis
948 792 988 855 ad
1011 791 1099 876 regis
1123 813 1218 856 aures
1242 813 1319 857 con·

138 883 213 947 silia
236 904 296 946 sua
318 885 527 966 perventura,
553 878 792 946 Chersonesum
816 880 949 964 reliquit
973 901 1010 945 ac
1032 902 1145 944 rursus
1169 878 1320 946 Athenas

138 970 341 1056 demigravit.
388 967 487 1035 Ouius
518 969 602 1034 ratio
636 969 698 1035 etsi
729 991 796 1034 non
828 969 944 1055 valuit,
976 974 1086 1035 tamen
1118 989 1319 1055 magnopere

135 1064 190 1124 est
211 1058 386 1142 laudanda,
410 1079 482 1123 cum
506 1057 640 1123 amicior
663 1059 808 1123 omnium
831 1058 978 1122 libertati
1002 1080 1098 1143 quam
1120 1080 1197 1122 snae
1218 1057 1320 1123 fuerit

137 1147 361 1214 dominationi.

228 1238 257 1302 4.
290 1235 410 1301 Darius
435 1241 544 1301 autem
567 1257 639 1300 cum
663 1257 702 1300 ex
720 1235 854 1320 Europa
876 1235 911 1299 in
930 1233 1044 1299 Asiam
1067 1235 1219 1321 redisset,
1241 1234 1318 1300 hor·

139 1326 286 1391 tentibus
315 1324 442 1410 amicte,
473 1329 511 1389 ut
539 1323 709 1389 Graeciam
736 1324 898 1410 redigeret
925 1325 960 1387 in
988 1346 1080 1388 suam
1109 1327 1319 1408 potestatem,

140 1415 278 1480 classem
306 1414 559 1500 quingentarum
587 1414 720 1478 navium
743 1413 945 1497 comparavit
968 1413 1062 1498 eique
1087 1413 1198 1479 Datim
1222 1435 1318 1499 prae-

140 1503 219 1568 fecit
246 1508 280 1569 et
302 1503 556 1587 Artaphernem,
583 1501 699 1587 hisque
728 1500 781 1567 00
809 1501 969 1588 peditum,
996 1501 1026 1566 X
1050 1502 1142 1567 milia
1171 1502 1318 1587 equitum

86 1591 245 1676 suodedit,
268 1613 397 1658 cansam
416 1591 613 1657 interserens
637 1613 671 1656 se
694 1592 824 1656 hostem
847 1612 917 1655 esse
939 1589 1208 1675 Atheniensibus,
1231 1592 1321 1676 quod·

140 1703 251 1746 eorum
289 1680 411 1746 auxilio
443 1680 535 1746 Iones
569 1679 680 1745 Sardis
717 1684 959 1766 expugnassent
996 1701 1118 1764 suaque
1154 1679 1320 1765 praesidia

104 1785 120 1832 ι
139 1770 386 1835 interfecissent.
426 1769 482 1833 Illi
499 1765 655 1854 praefecti
678 1769 773 1854 regii,
797 1768 900 1833 classe
919 1768 960 1832 ad
979 1767 1147 1833 Euboeam
1171 1769 1320 1855 appulsa,

85 1879 127 1920 reo
141 1858 288 1924 celeriter
316 1858 482 1924 Eretriam
513 1861 667 1941 ceperunt
697 1879 873 1942 omnesque
904 1857 973 1921 eius
1004 1857 1112 1941 gentis
1143 1857 1230 1922 cives
1262 1858 1319 1922 ab·

140 1950 252 2032 reptos
275 1946 310 2011 in
327 1945 443 2011 Asiam
467 1946 508 2010 ad
531 1966 640 2031 regem
664 1946 832 2012 miserunt.
877 1945 957 2010 Inde
981 1945 1022 2010 ad
1041 1944 1186 2012 Atticam
1211 1968 1318 2011 acces-

95 2108 98 2114 ,
141 2038 255 2100 serunt
283 2057 320 2100 ac
349 2056 424 2099 suas
448 2034 558 2118 copias
581 2035 616 2099 in
640 2035 790 2120 campum
813 2033 1005 2099 Marathona
1027 2034 1237 2100 deduxerunt.
1284 2035 1318 2099 Is

105 2143 121 2189 3
141 2124 235 2188 abest
259 2125 299 2188 ab
324 2124 442 2209 oppido
467 2124 595 2188 circiter
618 2124 710 2189 milia
732 2145 888 2208 passuum
913 2124 1031 2188 decem.
1078 2123 1150 2188 Hoc
1172 2125 1319 2189 tumultu

176 2332 229 2386 quo
252 2315 346 2384 (namt.
365 2315 463 2385 Dario)
489 2317 699 2371 aureae-za
790 2315 819 2372 4.
847 2322 870 2370 1.
889 2317 1063 2390 hortugitibus
1081 2333 1102 2372 s.
1113 2333 1146 2368 zu
1161 2317 1248 2385 copiis
1261 2317 1318 2371 dis-

142 2386 216 2442 enim
239 2386 386 2441 exstincto.
424 2386 482 2441 Das
506 2387 598 2443 Relat.
623 2386 702 2440 dient
755 2388 832 2443 iactis
857 2393 884 2454 2,
900 2394 923 2440 1.
960 2386 1084 2442 Ahnlich
1106 2387 1233 2440 nachher
1252 2404 1318 2442 cau·

142 2457 192 2512 auf
208 2457 254 2512 die
273 2475 307 2511 zu
325 2459 405 2514 cuius
420 2459 526 2529 perceris
546 2464 596 2524 1‚2
615 2473 700 2527 ange·
754 2459 994 2526 conlatersereas,
1009 2458 1098 2512 worur
1113 2460 1319 2514 causamiater·

141 2529 249 2598 gehane
260 2527 355 2582 Weise
370 2546 418 2581 zur
430 2528 701 2598 Satzrerlmr'ipfung,
751 2545 858 2599 poneres
874 2529 923 2598 (Il,
939 2535 963 2596 7,
976 2533 1002 2598 1)
1021 2529 1256 2599 gebrauchlicher
1271 2528 1317 2586 ist.

142 2600 229 2653 daher
248 2599 298 2653 der
316 2615 407 2653 aecus.
425 2616 448 2654 c.
463 2599 512 2653 inf.
531 2599 605 2654 nach
624 2600 700 2654 dam·
756 2631 790 2640 -
809 2599 868 2654 Vor
892 2600 980 2656 decem
1003 2632 1036 2642 ·-
1062 2601 1182 2670 equitum
1208 2600 1319 2655 schalte

142 2670 247 2726 selben.
751 2666 833 2724 ‘und'
855 2669 913 2738 ein,
938 2688 958 2726 s.
979 2689 1013 2725 zu
1031 2671 1082 2740 VI,
1102 2678 1154 2738 4‚2
1178 2678 1258 2727 tauta
1281 2674 1320 2726 si·

177 2743 303 2811 eopulms
330 2741 390 2796 lbse
419 2740 468 2794 aul
493 2743 636 2810 expulsum
664 2743 702 2796 ire‘
754 2743 919 2798 militudiae.

141 2819 174 2868 et.
192 2844 229 2853 -
249 2818 370 2882 potestus
392 2811 454 2866 hier
473 2811 519 2866 ein
537 2812 591 2866 mit
608 2812 702 2866 Amts-
789 2815 875 2868 bostis
888 2812 941 2866 mit
954 2814 1019 2868 dem
1033 2813 1117 2869 Dativ
1133 2814 1171 2868 ist
1180 2813 1319 2868 Ad’ektiv

141 2884 248 2954 gewalt
264 2882 441 2938 bekleideter
459 2882 570 2938 Posten.
755 2884 809 2938 wie
827 2886 933 2939 amicus
950 2886 1009 2938 und
1026 2886 1158 2940 inimicus
1176 2902 1199 2941 c.
1220 2832 1279 2941 dat.

176 2955 244 3011 adeo
262 2971 290 3009 se
307 2955 465 3022 abborrere;
480 2949 521 3010 ‘er
540 2954 651 3010 stimme
670 2970 701 3009 so
791 2955 902 3023 Sardis,
925 2956 955 3009 in
979 2957 1029 3011 der
1052 2957 1161 3010 alteren
1179 2955 1321 3010 Latinittt

141 3025 235 3095 wenig
252 3023 386 3092 fiherein'3
407 3025 578 3095 cigentlieh?
755 3025 862 3081 bildete
876 3043 943 3081 man
958 3043 1015 3081 won
1028 3027 1144 3082 Mascul.
1159 3045 1186 3082 u.
1201 3025 1319 3096 Femin,

178 3104 202 3154 6.
221 3114 279 3154 nou
296 3098 391 3153 dubito
406 3093 465 3151 ‘ich
484 3096 589 3153 zweifle
609 3091 700 3151 nicht’
755 3098 862 3152 welche
882 3096 921 3150 im
940 3097 1027 3168 genit.
1046 3098 1119 3168 plur.
1138 3099 1196 3154 ium
1214 3098 1319 3167 haben,

141 3167 291 3224 verbindat
304 3168 338 3222 N.
349 3168 406 3223 fast
419 3169 596 3238 regelmhllig
610 3185 702 3238 gagen
755 3168 811 3223 den
824 3184 916 3223 accus.
931 3170 1002 3238 plur.
1018 3169 1198 3240 gewbhnlich
1216 3170 1268 3223 auf
1282 3177 1318 3226 is.

142 3240 197 3295 den
215 3238 431 3310 gewdhnlichen
450 3238 703 3310 Sprachgebrauch
791 3246 816 3294 2.
854 3241 985 3309 appulsu,
1018 3240 1105 3295 suche
1132 3239 1172 3293 im
1199 3241 1233 3295 D.
1263 3240 1320 3296 den

109 3321 111 3324 ’
141 3310 194 3367 mit
213 3311 277 3366 dem
296 3327 353 3366 aec.
370 3328 393 3365 e.
407 3310 456 3365 inf.
756 3311 997 3381 entsprechenden
1017 3311 1286 3368 Schifferausdruck.

176 3388 233 3437 tam
251 3382 345 3436 multis
363 3382 492 3449 abactis,
516 3380 634 3435 ablativi
653 3381 701 3453 ab·
792 3383 851 3437 eiua
885 3384 973 3453 peritis
992 3378 1107 3438 .‘dieser
1144 3379 1318 3450 Gemeinde’‚

142 3451 240 3520 soluti,
268 3451 310 3505 als
338 3451 503 3506 Kausalsatz
531 3452 702 3521 aufzulbsen,
755 3453 863 3508 welche
890 3453 1001 3507 Eretria
1032 3453 1194 3522 bewohnte‚
1228 3455 1318 3525 vergl.

142 3524 211 3578 eder
220 3522 309 3576 durch
319 3520 365 3576 ein
375 3521 578 3578 Substantmit
587 3522 702 3592 Prbpos.
755 3524 843 3594 praef.
859 3531 883 3579 0.
903 3526 934 3579 iu
953 3526 1051 3580 aedom
1068 3527 1201 3596 pratibus.
1217 3556 1251 3565 -
1270 3528 1319 3582 ab·

142 3613 176 3648 zu
193 3593 367 3649 ubersetzen.
754 3601 844 3665 reptos
860 3595 920 3649 ldse
939 3595 990 3649 auf
1005 3598 1188 3666 abripuerunt
1205 3602 1237 3652 et.

176 3680 275 3720 rusus
301 3666 423 3720 Athenas
455 3667 624 3736 domipruoit.
670 3666 702 3720 In
790 3667 961 3721 Marathona
986 3666 1102 3736 (griech.
1121 3684 1212 3721 accus.
1233 3665 1319 3738 sing.)

142 3735 293 3791 Wahrheit
313 3735 434 3806 erfolgte
453 3736 531 3792 seina
549 3736 703 3792 Rdckkehr
755 3737 795 3792 ist
830 3736 1001 3807 Apposition
1028 3734 1091 3792 ‘auf
1125 3739 1175 3792 das
1209 3737 1320 3794 Gefilde

142 3825 191 3864 aus
215 3808 280 3861 dem
299 3806 453 3862 Chersones
480 3810 538 3862 erst
559 3808 598 3862 im
616 3808 702 3863 Jahre
756 3804 922 3863 Marathon'.

142 3887 194 3935 493
221 3878 298 3934 beim
322 3878 510 3933 Herannahen
538 3879 588 3934 der
614 3878 703 3949 persi·
761 3946 766 3955 ι
791 3882 826 3936 ab
845 3881 958 3950 oppido,
977 3879 1079 3935 Athen.
1100 3911 1133 3920 -
1156 3881 1236 3935 melia
1250 3897 1319 3951 pas-

142 3951 228 4005 schen
245 3950 340 4004 rloue
358 3952 440 4004 unter
457 3949 629 4005 Mardonius.
756 3968 836 4007 sanun
855 3953 956 4019 decern,
974 3951 1048 4005 nach
1066 3957 1134 4008 rom.
1147 3951 1226 4018 Mall3
1248 3959 1320 4008 1000

177 4023 250 4077 ratio
265 4017 417 4087 ‘Ansicht'3
447 4023 536 4076 ualuit
555 4017 702 4092 ‘gelangte
757 4021 865 4077 Schritt
893 4038 987 4076 waren
1013 4022 1075 4077 eine
1103 4028 1172 4077 rbm.
1195 4022 1321 4078 Meile=

142 4111 189 4146 zur
209 4091 344 4162 cartag,
363 4091 433 4161 ging
452 4089 558 4148 durch'.
758 4101 796 4161 1,o
823 4093 925 4148 Kilom.
971 4100 1003 4149 10
1031 4100 1099 4149 rbrn.
1124 4092 1228 4148 Meilen
1242 4103 1321 4150 =15

178 4165 257 4219 euius
275 4180 298 4217 r.
318 4164 368 4218 etei
386 4179 407 4219 s.
425 4180 459 4216 zu
480 4170 543 4232 1‚4‚
561 4165 703 4234 profectus
756 4164 921 4219 Kilom.=3
936 4165 1139 4234 Wegstunden.

142 4251 211 4291 eum.
236 4265 270 4275 -
297 4235 413 4290 amicior
437 4235 510 4290 ratio
525 4231 701 4306 ‘gflnstiger'3
792 4242 817 4290 3,
836 4238 984 4303 tumultus,
1004 4234 1049 4290 ein
1068 4235 1248 4306 plotalicher‚
1270 4237 1319 4291 da·

142 4324 164 4361 s.
179 4306 226 4373 IV,
247 4312 298 4374 3,3
318 4306 434 4361 coasilia
448 4307 560 4375 patriae
578 4308 701 4364 inimica.
756 4307 807 4361 her
821 4307 1067 4362 schreckenvoller
1080 4307 1179 4377 Krieg,
1191 4304 1319 4379 ‘Kriega

141 4393 207 4432 suae
225 4376 265 4431 im
281 4375 437 4447 Gegensatz
456 4394 488 4430 nu
508 4379 630 4434 omnium
648 4377 702 4433 wie
757 4373 927 4433 schrecken'.
953 4409 987 4419 —
1010 4381 1129 4448 permoti
1151 4378 1322 4434 bezeichnet

143 4455 194 4516 1‚1
215 4465 274 4504 sua.
755 4447 818 4503 hier
836 4448 883 4504 die
901 4449 1084 4520 Bestdrzung.
