2790 4882
386 225 905 284 mmmmfflm
1192 236 1234 298 47

52 391 177 475 laureis
196 391 379 476 taeniisque
398 391 498 474 vulgo
518 390 709 457 donabatur.
746 390 806 456 Ille
823 391 998 456 lacrimans
1017 394 1118 457 talem
1139 393 1235 459 bene-

52 481 236 548 volentiam
264 480 383 545 civium
417 501 549 545 suorum
576 479 771 565 accipiebat,
802 480 965 545 reminisci
993 481 1125 566 pristini
1152 486 1234 547 tem,-

53 571 153 656 poris.
168 570 388 634 acerbitatem.
429 568 608 653 Postquam
626 570 661 633 in
679 573 754 633 astu
776 569 880 654 veuit,
903 569 1053 635 contione
1077 569 1235 636 advocata
1253 591 1270 638 4

54 659 101 725 sic
123 659 227 724 verba
248 657 341 743 fecit,
364 661 401 722 ut
422 679 517 723 nemo
541 662 611 722 tam
633 657 720 722 ferus
743 656 856 742 fuerit,
880 657 1046 743 quincius
1066 660 1234 724 casuilla-

55 747 200 814 crimarit
227 746 459 831 inimicumque
486 746 528 810 iis
556 768 591 811 se
615 745 808 829 ostenderit,
836 768 974 831 quorum
1002 734 1100 832 opera
1126 750 1235 833 patria

54 837 170 920 pulsus
193 835 315 921 fuerat,
338 835 473 919 proinde
497 836 586 899 acsi
610 835 693 900 alius
717 835 872 920 populus,
902 857 968 901 non
991 835 1048 902 ille
1070 837 1153 923 ipse,
1178 840 1234 923 qui

55 934 124 991 tum
157 924 270 1010 flebat,
303 947 377 989 eum
410 924 575 1008 sacrilegii
606 924 800 989 damnasset.
850 923 1018 990 Restituta
1050 947 1127 1011 ergo
1158 926 1270 994 huius

56 1019 131 1079 sunt
158 1012 290 1098 publice
319 1013 419 1098 bona,
446 1013 613 1098 eidemque
642 1013 694 1077 illi
716 1012 933 1096 Eumolpidae
957 1014 1143 1080 sacerdotes
1167 1038 1235 1080 rur·

57 1124 109 1167 sus
132 1115 298 1167 resacrare
322 1106 401 1167 sunt
423 1101 542 1187 coacti,
565 1101 622 1185 qui
645 1124 720 1167 eum
743 1102 956 1188 devoverant,
978 1103 1129 1187 pilaeque
1148 1104 1235 1189 illae,

56 1188 232 1277 inquibus
255 1191 386 1256 devotio
410 1190 518 1256 fuerat
541 1191 676 1277 scripta,
699 1191 732 1254 in
757 1212 845 1255 mare
868 1191 1111 1276 praecipitatae.

145 1299 174 1362 7.
205 1297 296 1362 Haec
315 1297 480 1362 Alcibiadi
502 1296 631 1362 laetitia
654 1318 720 1361 non
742 1297 841 1361 nimis
859 1297 923 1362 fuit
942 1298 1104 1364 diuturna.
1147 1299 1234 1365 Nam

56 1409 124 1453 cum
152 1387 183 1452 ei
202 1408 314 1451 omnes
338 1391 448 1451 essent
470 1387 611 1451 honores
631 1386 752 1451 decreti
771 1390 906 1471 totaque
925 1409 977 1451 res
996 1388 1127 1472 publica
1146 1388 1234 1453 domi
1294 1448 1307 1472 ,

57 1475 198 1561 bellique
217 1475 353 1560 tradita,
373 1477 410 1539 ut
428 1474 524 1540 unius
543 1475 685 1539 arbitrio.
698 1479 875 1560 gereretur,
892 1478 927 1540 et
940 1476 1010 1560 ipse
1026 1477 1233 1560 postulasset,

59 1569 92 1629 ut
109 1563 173 1628 duo
193 1564 257 1628 sibi
280 1565 426 1649 collegae
450 1565 619 1647 darentur,
642 1562 866 1648 Thrasybulus
891 1570 924 1629 et
943 1564 1153 1649 Adimantus,
1177 1586 1233 1630 ne·

57 1674 116 1738 que
139 1653 172 1717 id
195 1658 353 1738 negatum
377 1658 478 1718 esset:
506 1653 609 1717 classe
632 1652 668 1716 in
690 1651 806 1717 Asiam
829 1652 1009 1736 profectus,
1038 1653 1124 1738 quod
1148 1655 1233 1739 apud

58 1740 178 1826 Cymen
201 1742 309 1806 minus
334 1764 372 1806 ex
396 1742 560 1807 sententia
582 1763 652 1805 rem
675 1745 835 1827 gesserat,
858 1742 892 1806 in
910 1741 1068 1806 invidiam
1091 1742 1233 1807 reccidit.

55 1827 147 1895 Nihil
177 1831 264 1895 enim
293 1853 366 1896 eum
389 1853 455 1896 non
479 1830 605 1896 efficere
627 1851 724 1915 posse
748 1830 918 1896 ducebant.
963 1830 1013 1895 Ex
1038 1852 1102 1915 quo
1125 1831 1234 1916 fiebat,
1252 1850 1275 1900 2‘

56 1923 91 1984 ut
118 1918 229 1983 omnia
258 1919 366 1983 minus
396 1940 551 2005 prospere
582 1921 678 2002 gesta
707 1919 822 2003 culpae
852 1920 1046 2006 tribuerent,
1076 1940 1149 1985 cum
1177 1927 1234 1985 aut

57 2030 128 2072 eum
151 2009 367 2092 neglegenter
395 2012 452 2073 aut
475 2005 639 2073 malitiose
661 2008 777 2072 fecisse
800 2009 1026 2093 loquerentur:
1053 2008 1139 2074 sicut
1162 2014 1232 2074 tum

57 2096 180 2162 accidit.
221 2095 308 2162 Nam
328 2101 517 2182 corruptum
536 2119 556 2161 a
574 2118 651 2182 rege
670 2118 784 2182 capere
804 2095 928 2182 Cymen
950 2097 1095 2162 noluisse
1118 2120 1231 2184 argue-

56 2186 142 2252 bant.
187 2185 304 2271 Itaque
327 2186 403 2251 huic
426 2186 568 2251 maxime
591 2189 744 2268 putamus
768 2184 855 2251 malo
879 2184 982 2252 fuisse
1004 2186 1141 2251 nimiam
1164 2187 1232 2271 opi·
1253 2208 1268 2255 3

55 2274 185 2339 uionem
218 2274 344 2358 ingenii
374 2279 472 2360 atque
502 2274 644 2340 virtutis.
688 2272 880 2339 Timebatur
910 2275 995 2339 enim
1028 2296 1094 2339 non
1124 2275 1232 2339 minus

58 2385 152 2448 quam
171 2362 384 2449 diligebatur,
406 2386 447 2428 ne
470 2363 611 2428 secunda
629 2362 760 2428 fortuna
779 2363 972 2448 magnisque
991 2361 1107 2447 opibus
1126 2363 1232 2427 elatus

55 2451 260 2536 tyrannidem
279 2452 529 2536 concupisceret.
566 2451 691 2527 Quibus
708 2451 804 2553 rebus
823 2452 945 2516 factum
965 2455 1028 2536 est,
1047 2454 1085 2515 ut
1103 2452 1232 2516 absenti
1245 2479 1287 2520 ror

56 2540 1268 2714 iiiililiiiii?gililmltiliiiiiiiiiiiiiiillliiilir

56 2717 163 2802 ibique
185 2717 252 2782 tria
275 2719 411 2784 castella
434 2718 638 2800 communiit,
662 2716 782 2803 Ornos,
805 2717 1000 2802 Bizanthen,
1022 2715 1233 2803 Neontichos,

55 2825 215 2892 manuque
235 2807 372 2873 collecta
390 2808 515 2893 primus
530 2806 671 2872 Graecae
691 2807 835 2871 civitatis
854 2808 889 2871 in
903 2805 1078 2871 Thraciam
1096 2807 1232 2891 introiit,

87 2965 196 3019 taeniae
215 2962 338 3019 'dienten
371 2982 419 3018 aur
435 2962 617 3054 ,Veraierung
705 2965 822 3033 eapte,
842 2979 899 3015 was
918 2969 970 3030 4,6
989 2963 1116 3020 incisum.

56 3034 103 3089 der
128 3034 247 3090 Kranae.
277 3067 310 3075 -
337 3037 417 3106 culpo
444 3034 613 3104 allgemarn,
707 3052 735 3106 7,
774 3058 797 3106 1⁸
830 3051 932 3105 decreti
961 3049 1015 3104 wie
1045 3051 1070 3118 Ι,
1100 3059 1124 3118 6,
1143 3057 1169 3104 4,
1197 3082 1231 3092 -

56 3105 120 3160 dh.
139 3105 264 3174 fibeffllli
288 3105 614 3175 11011101111111119111,
669 3123 774 3178 tradita
793 3117 837 3175 ‘in
865 3121 941 3175 seiue
969 3120 1053 3174 Hand
1080 3118 1231 3190 gegeben’,

55 3175 1230 3266 fflmfflffi„mmffifflmmq

86 3259 241 3324 remim,
256 3255 352 3311 Gfflssd
367 3273 459 3311 11111161
469 3255 613 3327 Rllhrung·
704 3282 737 3320 ex
751 3265 884 3320 scatentia
894 3259 980 3318 ‘nach
993 3258 1134 3331 Wuusch’,
1154 3268 1231 3317 n'am·

54 3328 85 3381 ln
110 3328 260 3383 lebhaften
286 3328 511 3397 Sobilderungen
538 3329 616 3383 steht
668 3334 727 3391 liuh
756 3337 806 3389 der
830 3334 968 3401 Athenon
995 3351 1052 3389 rem
1079 3341 1232 3406 gesserat=

54 3399 186 3454 auweilen
214 3398 264 3453 der
289 3398 341 3454 qu.
365 3398 443 3454 Pras.
467 3401 537 3454 statt
564 3398 614 3453 des
668 3408 853 3478 pugnaverat,
888 3406 999 3461 Ebenso
1019 3411 1081 3473 qe,

53 3469 175 3527 Indikat.
189 3471 239 3524 des
257 3469 370 3540 Imperi.
385 3470 431 3526 od.
447 3471 496 3524 des
514 3468 613 3525 histor.
704 3480 736 3533 in
754 3479 890 3534 invidiam
913 3495 934 3533 s,
953 3495 987 3531 zu
1005 3477 1038 3547 V,
1059 3485 1119 3546 3,1‚

54 3539 169 3595 Pr'asens
189 3540 357 3612 (infinitivus
375 3540 546 3611 historicus).
704 3556 730 3604 2,
763 3550 845 3606 Nihil
871 3565 928 3604 mm
953 3546 1031 3604 ‘211ae
1060 3549 1133 3604 ohne
1160 3549 1231 3604 Aug.

87 3627 111 3676 4.
139 3627 204 3676 csta
221 3620 333 3690 wiell,
353 3628 413 3689 4,1.
667 3617 787 3688 nahme'‚
814 3638 835 3674 s.
855 3638 889 3673 zu
907 3626 958 3688 4‚1
982 3635 1067 3688 aeque
1090 3622 1230 3690 ipaorana.

85 3694 166 3748 verba
183 3692 251 3760 fecit
269 3710 290 3747 s.
309 3711 342 3746 zu
360 3693 463 3761 1,r,s.
703 3691 752 3746 Ex
769 3708 822 3762 qao
836 3686 955 3760 ‘infulge
980 3685 1094 3758 davon’,
1112 3690 1166 3745 wie
1186 3697 1230 3756 §5

84 3764 185 3831 suerit,
208 3765 398 3831 illacrimarit,
424 3765 569 3819 udradait
592 3782 614 3820 s.
668 3780 724 3833 quc
742 3779 775 3818 ea
792 3779 829 3817 re.

54 3849 85 3886 zu
102 3835 128 3903 I,
150 3839 174 3903 5,
186 3840 202 3888 5
216 3836 405 3906 profligarint.
705 3835 813 3903 οαῑραε,
832 3831 892 3886 also
910 3830 991 3886 nicht
1009 3831 1072 3886 dem
1090 3830 1230 3900 Ungldck.

86 3921 167 3974 caca,
186 3906 338 3960 altertiiml.
357 3904 525 3960 Dativform.
669 3900 932 3973 -loqaerentar‘es
948 3899 1035 3960 hiell'.
1053 3902 1242 3976 Loqaisteht,

86 3977 232 4032 inimicum
245 3979 282 4032 iis
295 3976 436 4032 ‘erbittert
453 3977 505 4030 auf
515 3974 614 4031 -’.-
669 3975 804 4029 auweilen
822 3990 888 4029 vom
907 3973 1014 4028 Gerede
1034 3974 1083 4028 der
1101 3972 1200 4028 Lente.

50 4047 148 4114 palsas
168 4048 264 4126 fuerat
292 4066 312 4101 s.
336 4065 369 4101 zu
387 4048 421 4117 V,
441 4055 494 4117 2,1
522 4049 615 4116 fuerat
704 4063 841 4116 crepes.
861 4063 895 4098 zu
913 4043 964 4112 IX,
984 4051 1045 4112 a,1.

53 4125 180 4174 cenatas
704 4125 729 4172 3.
766 4117 882 4171 nimiam
923 4118 1077 4185 opinionem
1115 4116 1230 4186 inpertit,

81 4191 201 4259 proram
223 4206 257 4244 ac
278 4191 305 4244 ai
326 4207 407 4258 ussa,
435 4189 615 4260 Bemerlrung
668 4188 753 4242 nami,
781 4187 899 4242 anderer
922 4183 985 4242 ‘von
1012 4184 1105 4241 seiuer
1132 4185 1229 4256 geisti-

54 4258 100 4314 dss
120 4259 346 4316 Schriftstellers.
389 4260 392 4265 ’
508 4312 510 4315 .
668 4276 724 4330 gen
742 4253 939 4328 Befabigung’.

85 4333 225 4403 semilapii
239 4327 351 4387 ‘Frevel
370 4348 417 4386 anu
434 4327 589 4402 Heiligen’.
704 4337 730 4386 4.
758 4337 783 4386 et
801 4349 822 4385 s.
837 4336 863 4397 4,
874 4336 899 4385 3.
919 4360 953 4370 -
973 4329 1094 4384 Graecae
1113 4328 1231 4384 deitatis

87 4408 111 4458 b.
135 4405 246 4472 publice
265 4420 285 4459 s.
305 4421 337 4457 zu
357 4403 396 4471 II,
415 4411 439 4472 8,
451 4411 475 4458 5.
665 4397 727 4455 ‘aus
743 4400 835 4457 einem
848 4397 900 4467 -’;
919 4401 951 4455 in
966 4401 1127 4469 Thraciam,
1145 4400 1231 4454 naml.
