2790 4882
125 268 189 333 162
323 262 411 316 XXV.
440 261 471 318 T.
492 261 705 318 POMPONIUS
724 260 886 318 ATTICUS.
923 260 1045 318 CARI).
1066 269 1109 318 10.

123 448 220 492 causa
250 425 357 491 facere
384 429 514 511 poterat
541 426 742 490 existimare:
774 426 898 490 nemini
930 426 1016 490 enim
1048 425 1083 490 in
1112 427 1295 512 opinionem

87 516 274 582 eveniebat
296 514 477 579 Antonium
505 537 614 581 rerum
642 514 834 599 potiturum.
880 513 944 580 Sed
972 514 1093 579 sensim
1120 515 1150 579 is
1179 539 1296 582 anon-

121 605 221 670 nulIis
246 604 460 690 optimatibus
483 604 793 689 reprehendebatur,
816 603 904 688 quod
926 627 1041 687 parum
1066 604 1174 670 odisse
1194 607 1296 672 malos

123 694 207 760 cives
226 693 400 759 videretur.
440 692 500 756 Ille
520 697 642 777 autem,
667 693 718 757 sui
739 691 864 774 iudicii,
887 693 1010 777 potius,
1034 693 1112 777 quid
1136 695 1297 761 sefacere

122 805 183 868 par
205 787 305 867 esset,
328 783 530 865 intuebatur,
553 803 651 867 quam
675 781 752 866 quid
776 781 833 845 alii
856 781 1021 846 laudaturi
1043 782 1162 848 forent.

214 891 266 956 10.
301 885 466 954 Conversa
490 887 599 953 subito
622 887 753 952 fortuna
777 891 835 951 est.
883 887 928 952 Ut
950 887 1114 953 Antonius
1145 890 1247 955 rediit
1267 891 1298 955 in

123 978 270 1063 Italiam,
292 998 388 1042 nemo
407 999 474 1042 non
490 997 611 1061 magno
629 977 665 1041 in
682 976 827 1061 periculo
846 975 995 1042 Atticum
1014 980 1148 1074 putarat
1167 983 1297 1064 propter

88 1066 274 1131 tintimam
302 1065 561 1131 familiaritatem
586 1063 750 1130 Ciceronis
774 1068 807 1129 et
828 1064 933 1130 Bruti.
978 1065 1094 1150 Itaque
1118 1067 1159 1131 ad
1182 1068 1296 1133 adren-

122 1160 193 1220 tum
221 1155 454 1239 imperatorum
487 1155 526 1218 de
553 1153 625 1218 foro
658 1155 841 1219 decesserat
870 1154 988 1219 timens
1017 1157 1297 1242 proscriptionem,

122 1244 311 1328 latebatque
343 1242 429 1327 apud
461 1242 495 1307 P.
518 1242 745 1328 Volumnium,
777 1243 841 1328 cui,
878 1246 917 1307 ut
949 1244 1166 1330 ostendimur,
1203 1247 1296 1330 paulo

124 1337 200 1398 ante
229 1355 323 1417 opem
350 1332 473 1397 tulerat
503 1328 612 1418 (tanta
641 1331 779 1396 varietas
807 1331 848 1395 iis
876 1332 1079 1416 temporibus
1107 1333 1173 1398 fuit
1201 1335 1298 1400 fortu-

123 1444 199 1507 nae,
228 1426 265 1486 ut
288 1420 385 1486 modo
407 1421 443 1485 hi
466 1420 562 1487 modo
586 1420 638 1485 illi
660 1420 695 1485 in
718 1443 845 1484 summo
869 1425 979 1486 essent
1002 1425 1059 1485 aut
1081 1420 1221 1508 fastigio
1244 1428 1299 1489 ant

123 1507 297 1597 periculo),
332 1510 539 1594 habebatque
573 1532 682 1574 secum
715 1509 751 1586 Q.
780 1509 923 1575 Gellium
956 1508 1095 1595 Oanum,
1131 1513 1298 1598 aequalem

88 1599 393 1684 esimillimumque
422 1600 480 1663 sui.
526 1598 599 1664 Hoc
626 1620 754 1683 quoque
783 1595 887 1663 Attici
917 1599 1076 1664 bonitatis
1107 1603 1298 1687 exemplum,

124 1688 210 1774 quod
234 1710 306 1753 cum
325 1711 376 1773 eo,
400 1710 496 1771 quem
520 1710 655 1773 puerum
678 1687 713 1750 in
732 1687 808 1752 ludo
833 1692 1003 1773 cognorat,
1027 1691 1107 1754 adeo
1130 1691 1298 1756 coniuncte

88 1778 222 1863 evixit,
244 1781 282 1842 ut
306 1777 347 1841 ad
371 1782 550 1842 extremam
574 1779 714 1840 aetatem
738 1776 884 1841 amicitia
907 1799 1019 1842 eorum
1042 1779 1190 1844 creverit.
1236 1779 1299 1844 An·

124 1867 234 1931 tonius
258 1871 381 1950 autem,
404 1866 468 1930 etsi
490 1869 583 1930 tanto
608 1865 682 1929 odio
705 1863 872 1929 ferebatur
894 1865 928 1929 in
951 1863 1156 1953 Ciceronem,
1179 1872 1298 1934 utnon

125 1954 232 2019 solum
255 1954 298 2035 ei,
328 1954 507 2019 sedetiam
531 1953 680 2018 omnibus
710 1955 779 2018 eius
804 1954 917 2019 amicis
941 1959 1028 2020 esset
1055 1956 1207 2022 inimicus
1232 1979 1298 2022 eos·

125 2065 187 2127 que
215 2042 316 2107 vellet
350 2043 564 2127 proscribere,
593 2042 707 2107 multis
735 2043 943 2108 hortantibus
971 2048 1082 2110 tamen
1104 2045 1209 2112 Attici
1236 2068 1299 2111 me·

124 2154 197 2196 mor
226 2132 290 2196 fuit
318 2132 432 2217 officii,
464 2135 497 2196 et
524 2132 568 2215 ei,
600 2153 674 2196 cum
705 2131 912 2218 requisisset,
943 2133 1076 2198 ubinam
1109 2139 1212 2214 esset,
1244 2157 1301 2200 sua

124 2243 224 2286 manu
253 2221 397 2306 scripsit,
424 2242 465 2286 ne
494 2222 627 2285 timeret
656 2221 833 2304 statimque
861 2221 903 2285 ad
931 2242 965 2285 se
992 2222 1132 2288 veniret:
1166 2245 1201 2288 se
1230 2247 1299 2288 eum

126 2315 159 2374 et
175 2311 265 2375 illius
285 2332 383 2376 causa
403 2307 527 2374 Canum
552 2309 591 2374 de
610 2309 866 2394 proscriptorum
885 2333 1020 2376 numero
1040 2312 1209 2379 exemisse.
1245 2311 1300 2397 Ac,

124 2399 270 2485 nequod
291 2399 471 2484 periculum
495 2398 665 2482 incideret,
689 2398 775 2482 quod
793 2403 893 2464 noctu
912 2400 1025 2485 fiebat,
1048 2402 1249 2487 praesidium
1272 2402 1299 2467 ei

160 2627 192 2680 iu
205 2625 360 2694 opinionem
373 2626 496 2706 oemiebot
509 2625 562 2679 wie
582 2626 606 2694 I,
624 2632 648 2692 ⁷,
659 2633 683 2706 β.
738 2624 832 2695 punht
848 2625 897 2680 das
913 2626 1096 2682 offentlichen
1109 2628 1220 2684 Lebens
1234 2631 1301 2698 war)
1323 2679 1324 2683 ,

125 2713 263 2776 -rerum
277 2697 367 2765 poteri
385 2697 615 2777 (niereouspor.)
629 2695 684 2750 ‘dre
739 2695 992 2778 zurrtokgezogen',
1025 2700 1052 2754 d.
1080 2700 1109 2755 h.
1136 2717 1197 2754 war
1223 2699 1301 2754 nicht

85 2793 87 2799 ·
126 2766 333 2836 Staatslertung
350 2783 385 2820 an
401 2766 462 2820 sich
479 2764 596 2836 rerssen',
615 2784 636 2821 e.
652 2784 685 2820 zu
739 2767 820 2822 mehr
838 2767 984 2823 offenthoh
1003 2770 1177 2827 ersohienen.

125 2837 176 2906 VI,
197 2845 221 2906 1,
231 2844 257 2892 4.
774 2848 946 2903 siunillu'mum
977 2851 1036 2918 sui,
1069 2866 1106 2905 an
1138 2851 1301 2919 Charakter,

161 2925 185 2974 I.
209 2919 255 2974 sui
272 2919 373 2974 iudicii
376 2959 385 2986 ,
407 2916 500 2972 wobei
522 2919 568 2974 cui
586 2915 626 2971 uu'
638 2917 685 2972 be·
739 2917 820 2972 nicht
837 2917 891 2973 wie
909 2919 982 2988 XIV,
1003 2927 1027 2989 9,
1038 2929 1063 2976 3.

123 2991 222 3058 tonen,
246 2990 349 3059 gehbrt
367 2989 409 3043 als
428 2988 516 3059 genit.
535 2988 633 3058 qualit.
652 3007 686 3042 zu
776 3004 801 3053 3,
825 2999 908 3054 ludum
925 3000 987 3055 hier
1004 2998 1059 3056 ‘die
1080 2998 1202 3058 Schule',
1290 3018 1294 3024 ·

124 3063 183 3131 Ille,
205 3061 244 3143 ’,θῖ
267 3062 335 3115 aber
362 3061 406 3150 tls,
428 3060 474 3148 {511
497 3060 685 3143 munden?
775 3083 802 3133 4.
819 3079 959 3145 serebatur
972 3078 1042 3134 ‘sich
1060 3079 1218 3139 fortreissen
1235 3079 1301 3149 liet,

31 3165 33 3170 ·
124 3133 275 3202 standrgen
292 3131 414 3199 Urterls3
433 3131 549 3186 ahnhoh
566 3148 621 3186 wie
639 3131 686 3186 dua
739 3147 887 3218 gotfieben
913 3147 1024 3220 πῶς,
1053 3153 1129 3208 fflml,
1151 3154 1218 3222 VH,
1245 3159 1302 3223 9¹4

124 3222 159 3258 211
189 3203 280 3272 XVII,
310 3209 368 3271 8‚2
403 3220 540 3258 “mmm
571 3203 688 3286 Lm
739 3220 778 3275 od
795 3222 922 3289 patriam
944 3223 1116 3279 liberandam
1141 3228 1220 3280 ommi
1235 3227 1300 3295 sere·

123 3275 317 3357 besproohene
345 3274 504 3359 Wendung.
533 3305 566 3315 -
590 3280 686 3345 potrus
740 3293 822 3346 batur
841 3294 1010 3363 efferatione,

124 3346 259 3400 verbmde
278 3349 331 3398 mit
348 3348 516 3401 intuebatur.
774 3363 906 3418 inimicae
922 3361 1064 3420 ‘erbittert
1081 3365 1133 3420 auf
1149 3363 1202 3422 -’,

158 3418 250 3485 dmm
267 3432 337 3470 Mu
351 3416 402 3484 VI,
423 3423 483 3484 3²5·
774 3443 962 3512 hortwntibut,
993 3443 1034 3499 im
1063 3445 1227 3503 Deutschen
1258 3445 1301 3502 ein

161 3503 210 3559 lo.
239 3508 263 3558 1.
287 3503 422 3558 Conversa
440 3511 478 3560 est
503 3522 524 3558 s.
543 3522 576 3558 zu
595 3506 686 3561 erudi·
741 3512 907 3569 Substantiv
929 3515 983 3570 mit
998 3511 1106 3572 ‘trotz’.
1130 3548 1167 3558 -
1191 3520 1300 3575 bortum

124 3582 170 3632 tut
183 3574 372 3642 ertlI,10,1.
400 3574 615 3658 DieWenduug
628 3577 687 3658 tritt
739 3585 826 3652 tibere,
860 3586 985 3641 nitmlich
1016 3590 1048 3641 ut
1079 3587 1209 3644 Atticum
1239 3606 1301 3661 pro·

125 3646 214 3701 durch
238 3645 292 3699 den
310 3643 458 3699 Abeehluss
481 3646 529 3699 des
548 3646 686 3701 Tnumvr-
741 3653 884 3711 scriberet.
909 3689 942 3700 -
968 3660 1056 3727 officii
1083 3677 1106 3713 e.
1129 3659 1179 3715 das
1205 3660 1302 3731 rorigo

125 3720 183 3772 rats
197 3716 336 3771 zwischen
346 3715 499 3785 Antonius,
515 3715 685 3772 Octavianus
739 3725 862 3796 Kapitel.
898 3759 932 3769 -
968 3731 1124 3799 requisisset
1151 3727 1303 3787 ‘erforecht

124 3791 182 3845 und
200 3787 325 3858 Lepidus
343 3789 396 3876 ein.
543 3854 552 3876 ‚
739 3794 841 3854 hatta’.

124 3859 542 3999 tuum
854 3872 1304 3997 Ρ

120 4009 252 4075 putarat,
283 4002 408 4055 ssbmhssh
436 4000 524 4056 bem
543 4018 686 4089 ‘ercomes
739 4009 1301 4086 tumeret(¹inFurchtsein')Prohibitiv·

125 4076 232 4129 andern
250 4073 363 4127 belehrt
380 4073 488 4139 wurde3
514 4090 579 4127 wir:
606 4074 687 4128 hatte
741 4085 800 4137 sarz
819 4083 873 4138 wie
892 4084 971 4153 VIII,
991 4092 1051 4154 ῃ,

126 4141 284 4216 geglaubt'.
337 4217 342 4226 .
775 4156 920 4225 statimque
945 4173 965 4211 s.
984 4175 1018 4210 zu
1040 4157 1146 4228 XVIII,
1166 4165 1220 4228 4,e
1245 4157 1301 4214 und

162 4232 186 4281 2.
215 4224 252 4279 ad
273 4222 336 4278 hier
353 4221 468 4277 zeitlich
486 4219 542 4277 ‘um
560 4223 607 4279 die
626 4223 688 4279 Zeit
741 4231 766 4293 6,
781 4232 803 4279 2.

126 4297 176 4350 der
185 4293 281 4350 -’.-
295 4296 503 4364 Imperatorum,
519 4295 569 4350 der
578 4295 687 4350 Trium·
772 4298 928 4365 perieulum
951 4297 990 4353 iet
1013 4299 1144 4370 Subjekt3
1168 4301 1227 4371 vgl.
1246 4306 1301 4370 7‚1

125 4366 196 4423 rirn.
221 4396 256 4408 -
283 4367 315 4421 de
340 4367 402 4434 foro
429 4367 575 4422 desereret
594 4363 686 4422 ‘hatte
740 4368 841 4423 Incidit
859 4369 1058 4426 ocdenarium
1077 4372 1155 4427 uate
1173 4374 1279 4429 bellum.

126 4436 188 4492 “ich
210 4453 276 4491 vom
297 4436 401 4490 Forum
428 4438 483 4508 (wo
507 4437 558 4493 der
579 4437 686 4494 Mittel·
776 4441 848 4510 quod
865 4447 949 4497 mortu
966 4443 1061 4511 debut,
1080 4442 1257 4500 Kausalsatz.
