2790 4882
391 257 449 312 XV.
479 256 754 312 EPAMINONDAS.
791 257 870 314 CAP.
889 266 913 314 9.
935 266 977 314 10.
1227 263 1272 328 95

85 423 233 486 verteret
260 419 464 486 mortiferum
492 442 527 486 se
551 421 667 485 vulnus
698 421 860 504 accepisse
884 420 1060 506 simulque,
1089 422 1116 485 si
1139 421 1270 506 ferrum,

87 509 178 595 quod
206 531 245 573 ex
273 509 387 573 hastili
414 511 448 574 in
476 531 611 593 corpore
638 515 853 594 remanserat,
885 511 1094 592 extraxisset,
1127 511 1268 575 animam

88 598 205 663 statim
235 598 444 684 emissurum,
471 620 573 683 usque
598 620 635 662 eo
659 599 808 682 retinuit,
836 598 942 683 quoad
969 600 1192 664 renuntiatum
1220 604 1270 663 est

88 686 209 752 vicisse
237 686 403 751 Boeotios.
452 687 491 751 Id
518 693 693 772 postquam
727 687 864 772 audivit,
886 682 1013 771 ‘Satis’,
1036 688 1157 773 iuquit,
1174 683 1308 772 ‘vixi34

87 776 232 841 invictus
260 776 347 840 enim
376 771 512 842 morior?
560 776 644 839 Tum
672 775 757 840 ferro
787 780 932 841 extracto
960 777 1133 842 confestim
1161 777 1268 841 exani-

87 869 199 930 matus
224 869 283 930 est.

182 953 234 1018 10.
270 951 334 1018 Hic
358 974 491 1018 uxorem
518 975 683 1037 nunquam
708 953 809 1019 duxit.
853 954 893 1018 In
916 977 979 1040 quo
1004 976 1076 1020 cum
1100 954 1269 1038 reprehen-

89 1043 223 1108 deretur
255 1064 275 1106 a
306 1041 475 1126 Pelopida,
514 1043 568 1127 qui
600 1042 705 1107 filium
737 1042 881 1108 habebat
912 1043 1082 1130 infamem,
1119 1043 1269 1127 maleque

90 1153 165 1197 eum
190 1131 225 1195 in
248 1153 287 1196 eo
310 1131 435 1215 patriae
464 1131 631 1196 consulere
660 1131 794 1216 diceret,
822 1134 907 1216 quod
935 1133 1055 1197 liberos
1083 1155 1148 1197 non
1171 1132 1268 1197 relin-

89 1213 353 1307 queret,‘Vide',
376 1220 497 1305 inquit,
515 1215 569 1285 ‘ne
597 1225 634 1284 tu
660 1221 753 1304 peius
777 1221 942 1307 consulas,
970 1222 1026 1307 qui
1049 1222 1149 1286 talem
1174 1244 1213 1287 ex
1235 1223 1306 1284 tea

88 1312 206 1374 natum
234 1309 406 1374 relicturus
435 1309 490 1373 sis.
534 1307 649 1393 Neque
672 1331 747 1374 vero
776 1310 876 1394 stirps
905 1310 984 1374 mihi
1011 1315 1121 1396 potest
1149 1309 1269 1375 deesse.

88 1397 243 1483 Namque
262 1420 300 1462 ex
320 1421 372 1463 me
391 1402 502 1463 natam
526 1398 673 1482 relinquo
697 1418 842 1483 pugnam
861 1398 1079 1483 Leuctricam,
1102 1421 1185 1483 quae
1203 1419 1269 1462 non

88 1487 188 1552 modo
216 1486 299 1552 mihi
326 1492 505 1572 superstes,
533 1488 589 1551 sed
618 1487 716 1551 etiam
743 1488 942 1553 immortalis
970 1488 1015 1554 sit
1041 1509 1172 1552 necesse
1200 1485 1265 1551 est?

89 1575 161 1654 Quo
195 1580 343 1660 tempore
376 1576 455 1641 duce
487 1575 644 1661 Pelopida
680 1576 807 1640 exsules
840 1575 969 1642 Thebas
1006 1580 1204 1660 occuparunt
1236 1581 1307 1639 eta

88 1664 289 1750 praesidium
314 1664 644 1729 Lacedaemoniorum
672 1686 710 1728 ex
734 1686 806 1730 arce
834 1667 1041 1751 expulerunt,
1067 1664 1267 1750 Epaminon-

90 1753 165 1837 das,
194 1753 349 1838 quamdiu
372 1753 461 1820 facta
484 1759 535 1819 est
558 1755 671 1818 caedes
695 1754 827 1839 civium,
858 1755 953 1819 domo
978 1778 1012 1820 se
1035 1755 1154 1838 tenuit,
1182 1753 1269 1838 quod

89 1865 197 1928 neque
227 1842 397 1907 defendere
425 1843 530 1908 malos
558 1843 690 1908 volebat
717 1865 821 1928 neque
849 1844 1057 1929 impugnare,
1084 1866 1124 1908 ne
1148 1864 1268 1907 ⁴manus

89 1954 224 1997 suorum
254 1934 413 2016 sanguine
440 1936 632 1998 cruentaret.
678 1929 828 2017 Namque
857 1955 987 1998 omnem
1015 1932 1145 1998 civilem
1168 1931 1269 1997 victo-

89 2021 176 2086 riam
198 2021 363 2086 funestam
385 2022 533 2106 putabat.
573 2021 678 2105 Idem,
701 2027 876 2106 postquam
900 2023 985 2105 apud
1005 2021 1172 2088 Cadmiam
1195 2042 1268 2085 cum

88 2109 358 2175 Lacedaemoniis
385 2131 497 2196 pugna
520 2111 642 2194 eoepit,
668 2110 840 2192 inprimis
865 2112 967 2179 stetit.
1012 2111 1118 2176 Huius
1143 2111 1182 2174 de
1205 2109 1267 2174 vir·
1288 2125 1307 2170 4

88 2199 217 2264 tutibus
249 2198 383 2283 vitaque
415 2200 496 2264 satis
529 2199 591 2264 erit
623 2197 758 2282 dictum,
797 2203 825 2264 si
855 2199 918 2264 hoc
950 2222 1050 2264 unum
1083 2199 1268 2279 adiunxero,

90 2287 178 2373 quod
200 2310 296 2352 nemo
320 2288 382 2353 ibit
404 2287 542 2371 infitias,
564 2286 693 2352 Thebas
719 2293 751 2352 et
774 2293 850 2353 ante
869 2288 1130 2372 Epaminondam
1153 2291 1268 2350 natum

89 2381 125 2442 et
151 2381 229 2462 post
256 2377 402 2441 eiusdem
429 2378 599 2441 interitum
626 2380 783 2460 perpetuo
811 2376 917 2441 alieno
945 2377 1091 2461 paruisse
1119 2374 1268 2460 imperio,

89 2470 206 2530 contra
235 2487 284 2549 ea,
313 2466 466 2550 quamdiu
494 2466 551 2531 ille
578 2465 756 2550 praefuerit
783 2466 830 2529 rei
857 2465 1020 2550 publicae,
1048 2467 1146 2549 caput
1168 2464 1267 2528 fuisse

88 2554 194 2619 totius
215 2553 378 2619 Graeciae.
419 2554 469 2619 Ex
491 2576 554 2639 quo
578 2553 728 2638 intellegi
751 2557 862 2639 potest
884 2577 985 2619 unum
1009 2555 1174 2619 hominem
1198 2554 1269 2636 plu-

87 2643 136 2708 ris
161 2665 260 2727 quam
285 2643 452 2708 civitatem
476 2644 588 2709 fuisse.
1223 2678 1226 2681 ·

127 2806 151 2853 3.
175 2816 261 2869 usque
278 2816 308 2854 co
326 2799 388 2853 hier
406 2816 462 2854 von
481 2801 530 2854 der
548 2799 617 2855 Zeit.
742 2801 820 2856 Idem
838 2800 892 2856 wie
911 2801 950 2868 Il,
970 2808 994 2868 9,
1005 2808 1030 2856 3.

124 2888 171 2943 10.
196 2895 220 2942 1.
239 2889 278 2941 Ia
291 2884 396 2957 qao‘in
411 2887 518 2943 diesem
532 2889 652 2956 Punlrte,
743 2886 768 2933 4·
794 2881 948 2935 “cimmo
972 2897 992 2934 S·
1012 2879 1050 2946 H,
1070 2885 1123 2947 9,4
1145 2895 1227 2948 duam
1245 2881 1273 2933 δὴ

86 2955 205 3014 hierin’.
242 2959 355 3013 Ebenso
372 2960 498 3013 nachher
516 2963 549 3014 iu
566 2976 603 3015 eo.
707 2967 752 3006 02'0
768 2953 890 3032 adepte&
988 3019 993 3031 ,
1172 3019 1178 3031 ,

126 3031 226 3086 dicerer
243 3028 360 3098 ‘disser’‚
388 3031 472 3084 nami.
491 3029 652 3101 Pelopidas.
741 3029 839 3076 aarum
858 3039 896 3075 nn
915 3021 949 3075 D.
969 3037 1014 3075 em
1034 3020 1230 3104 substante,

86 3100 652 3171 VgldieSubjelrtsverandcrungX,2,3.
738 3099 870 3174 perpetuo
898 3092 990 3174 (dds.)
1023 3093 1113 3173 alieno
1140 3105 1272 3172 paruisse

126 3179 151 3227 2.
170 3174 220 3242 qua·
232 3174 378 3228 relicturas
392 3175 444 3240 δίε,
461 3173 508 3227 ein
521 3173 585 3228 Satn
600 3173 653 3229 wie
707 3165 821 3288 imperio
843 3166 883 3218 ist
903 3163 984 3217 nicht
1006 3179 1062 3216 von
1085 3177 1163 3217 emer
1185 3160 1268 3214 wrrk·

88 3246 140 3314 qui
152 3246 184 3299 iu
192 3246 289 3314 potius
302 3247 475 3300 intuerentur
493 3246 532 3314 ll,
548 3253 571 3312 7,
583 3252 607 3301 6.
619 3275 652 3286 -
707 3235 744 3289 lic
766 3251 801 3289 en
816 3235 984 3289 Unterthbni
1005 3233 1078 3301 leit,
1098 3233 1218 3287 sondern
1238 3249 1270 3286 so

88 3333 124 3371 ex
140 3321 167 3370 te
184 3323 282 3370 natum
301 3334 322 3371 s,
337 3334 370 3369 zu
389 3316 427 3383 Η,
449 3323 507 3384 1,2‚
706 3324 740 3360 au
757 3307 918 3372 verstehen,
946 3305 962 3358 d
1021 3305 1139 3360 Theben
1161 3303 1203 3358 als
1223 3303 1269 3358 ein

125 3403 329 3456 mqueveros.
350 3388 546 3456 2uV11,5‚1,
707 3377 789 3432 Staat
825 3377 943 3432 zweiten
973 3377 1086 3446 Rangos
1122 3392 1179 3430 von
1214 3375 1270 3431 den

126 3474 159 3513 ea
172 3475 213 3512 me
230 3465 327 3513 uatum
341 3456 391 3512 ‘als
409 3460 501 3513 maine
515 3456 653 3514 Tochter’.
706 3449 915 3518 Hauplslaalen
924 3448 1018 3530 Athen
1032 3449 1090 3502 und
1103 3447 1205 3529 Spatia
1217 3446 1269 3500 im·

127 3537 162 3599 3.Ι
181 3529 241 3599 Qteo
268 3536 384 3600 tempore
410 3530 556 3586 tibersetze
580 3531 654 3584 nach
707 3522 857 3576 mermehr
872 3520 1037 3585 oummder
1050 3521 1269 3589 abhbnfflgwaf·

88 3602 139 3671 qui
161 3601 237 3656 ῐοωιε
264 3599 310 3667 iv,
330 3608 355 3668 3,
366 3608 391 3656 3.
428 3590 504 3674 liber
529 3603 579 3656 das
603 3602 653 3655 Er·
738 3604 832 3673 pluria
853 3603 940 3670 fuisse
965 3618 986 3656 s.
1006 3617 1039 3653 au
1064 3599 1114 3668 IX,
1137 3606 1186 3667 1,1
1211 3601 1273 3655 eius

89 3670 183 3742 eignis
202 3688 224 3725 s.
238 3671 316 3740 XVI,
336 3679 360 3740 2,
372 3679 396 3727 3.
707 3691 790 3745 opero
807 3675 903 3745 mapae'
919 3674 983 3741 fuit.

126 3745 205 3799 domo
219 3759 247 3797 se
260 3746 362 3811 tenuit,
379 3745 430 3798 der
442 3743 516 3812 Abl,
531 3744 655 3799 welcher
742 3746 798 3800 Der
820 3745 907 3800 letata
929 3741 1022 3795 Punkt
1045 3741 1095 3794 der
1112 3740 1270 3794 Inhaltsan-

90 3813 179 3869 ofters
203 3813 250 3868 bei
272 3831 300 3868 ee
323 3821 410 3870 tenere
432 3817 509 3871 steht
533 3815 653 3886 (castris,
707 3817 781 3887 gabe
801 3819 887 3887 (1‚4):
913 3814 945 3869 de
963 3815 1043 3868 rebus
1060 3813 1142 3882 pestis
1164 3810 1202 3864 ist
1220 3828 1269 3864 un-

89 3884 199 3956 oppido
222 3901 252 3939 se
270 3887 390 3956 tenere),
416 3886 455 3941 ist
473 3887 520 3941 ein
538 3887 594 3941 abl.
612 3887 655 3940 in-
707 3886 830 3958 erledigt
843 3883 1007 3956 geblicben,
1023 3882 1149 3937 insofern
1163 3881 1268 3951 wenig-

89 3960 189 4012 atrum.
218 3956 282 4025 Vgl.
293 3957 327 4024 V,
348 3964 397 4025 1,1
418 3960 542 4014 comedia
559 3959 653 4012 terreri.
707 3961 784 4015 stans
817 3957 879 4012 eine
908 3954 1065 4010 besondere
1091 3953 1272 4022 Aufzbhlung

126 4029 227 4096 malos,
251 4027 298 4081 die
317 4027 363 4083 die
384 4029 467 4083 Stadt
485 4047 520 4083 an
538 4029 585 4085 die
603 4028 654 4083 La·
707 4030 758 4084 der
788 4029 898 4083 Thaten
937 4027 987 4081 des
1018 4025 1115 4095 Epam.
1148 4021 1273 4105 vermiftt

89 4098 277 4153 kedtmonior
304 4103 435 4154 verraten
461 4102 519 4155 und
548 4118 577 4155 es
601 4100 655 4154 mit
707 4101 786 4155 wird.
828 4100 885 4154 Der
908 4098 1005 4153 Grund
1030 4096 1068 4150 ist
1090 4095 1177 4164 wohl,
1204 4096 1268 4148 weil

90 4169 191 4225 diesen
209 4170 345 4240 gehalten
362 4171 469 4227 hatten.
489 4204 522 4213 -
542 4189 655 4228 suorum
708 4171 755 4227 die
797 4168 1078 4240 hauptsbchlichsten
1121 4166 1271 4221 derselben

88 4239 145 4295 wie
163 4240 229 4309 ΧΗ,
249 4249 274 4308 3,
285 4248 309 4299 4,
342 4275 344 4279 ⁴
707 4242 813 4299 bereits
835 4241 875 4295 im
897 4240 984 4294 Laufe
1008 4240 1058 4293 dor
1080 4237 1199 4307 librigen
1218 4235 1269 4290 Er-

127 4313 233 4367 cioilem
248 4308 329 4368 ‘uber
346 4310 525 4384 Mitbi‘irger’.
707 4315 830 4383 zahlung
848 4313 976 4368 erwahnt
993 4309 1064 4364 sind.
