2790 4882
158 248 200 311 62
434 208 435 211 Ὺ
541 243 574 299 x.
603 243 702 298 oron.
741 243 818 298 our.
838 250 863 298 a.
883 251 907 298 e.
928 251 952 298 r.

123 408 253 488 sregni
276 406 415 491 putabat
438 407 554 472 debere
577 406 708 472 hahere.
753 406 792 470 ld
814 406 930 470 medici
953 429 1019 471 non
1041 409 1215 472 tacuerunt
1239 409 1274 471 et
1299 407 1345 472 ad

159 494 352 580 Dionysium
380 495 484 561 filium
513 517 696 561 sermonem
718 496 924 560 rettulerunt.
970 494 1041 572 Quo
1063 495 1120 559 ille
1144 500 1346 581 commotus,

158 606 198 649 ne
227 585 345 669 agendi
373 589 460 649 esset
486 583 584 649 Dioni
611 587 772 669 potestas,
799 584 887 669 patri
914 605 1065 668 soporem
1093 583 1236 649 medicos
1261 585 1344 651 dare

106 700 144 738 aer
160 673 274 759 coegit.
320 672 392 738 Hoc
415 693 513 757 aeger
537 678 667 758 sumpto
691 673 818 759 sopitus
843 673 928 738 diem
953 673 1035 737 obiit
1059 693 1256 758 supremum.

249 779 279 843 3.
308 779 388 845 Tale
411 779 541 844 initium
565 779 629 843 fuit
651 778 768 843 Dionis
792 782 825 843 et
844 777 995 863 Dionysii
1019 778 1211 864 simultatis,
1235 802 1342 866 eaque

160 868 273 933 multis
306 869 402 933 rebus
433 872 528 933 aucta
556 872 615 932 est.
662 866 726 933 Sed
754 872 864 933 tamen
896 869 1011 953 primis
1044 868 1247 952 temporibus
1281 869 1343 934 ali-

160 957 314 1041 quamdiu
345 957 499 1022 simulata
527 957 690 1022 intereos
715 956 1010 1023 amicitiamausit.
1058 955 1140 1022 (lum
1163 957 1250 1022 Dion
1272 979 1343 1023 non

160 1045 334 1110 desisteret
362 1046 531 1112 obsecrare
558 1044 768 1131 Dionysium,
801 1049 838 1110 ut
864 1044 1036 1112 Platonem
1063 1045 1204 1110 Athenis
1233 1068 1342 1112 arces-

159 1138 247 1199 seret
276 1140 309 1199 et
337 1135 405 1199 eius
435 1135 580 1200 consiliis
609 1138 767 1219 uteretur,
796 1135 866 1220 ille,
893 1135 948 1219 qui
976 1135 1011 1199 in
1039 1135 1149 1218 aliqua
1176 1156 1212 1199 re
1239 1135 1343 1200 vellet

124 1235 138 1281 a
164 1226 288 1308 patrem
320 1224 458 1308 imitari,
490 1246 613 1289 morem
645 1224 676 1288 ei
704 1223 817 1308 gessit.
866 1223 1056 1308 Eodemque
1088 1228 1234 1308 tempore
1264 1221 1342 1288 Phi-

161 1312 273 1377 listum
305 1312 497 1377 historicum
528 1311 704 1396 Syracusas
734 1313 875 1397 reduxit,
906 1313 1072 1378 hominem
1102 1313 1245 1376 amicum
1273 1334 1343 1378 non

160 1401 265 1486 magis
289 1406 434 1486 tyranno
459 1423 557 1486 quam
580 1401 736 1486 tyrannis.
783 1399 847 1466 Sed
870 1402 909 1465 de
931 1401 1050 1466 hocin
1074 1423 1112 1466 eo
1136 1401 1220 1466 libro
1244 1402 1342 1484 plura

123 1507 138 1552 3
160 1493 238 1555 sunt
256 1490 419 1575 exposita,
443 1491 499 1575 qui
518 1491 557 1555 de
577 1490 741 1555 historicis
761 1489 893 1555 Graecis
917 1490 1118 1575 conscriptus
1142 1492 1203 1555 est.
1244 1489 1341 1554 Plato

160 1583 270 1645 autem
300 1583 429 1644 tantum
460 1580 546 1664 apud
575 1577 772 1664 Dionysium
805 1578 1002 1645 auctoritate
1032 1579 1142 1663 potuit
1170 1578 1347 1663 valuitque·

160 1669 360 1754 eloquentia,
387 1673 426 1734 ut
457 1669 487 1733 ci
514 1668 713 1754 persuaserit
740 1668 921 1753 tyrannidis
949 1667 1056 1733 facere
1083 1668 1180 1734 finem
1205 1667 1342 1732 liberta·

160 1762 290 1842 temque
314 1757 447 1822 reddere
472 1756 698 1841 Syracusanis:
722 1779 742 1820 a
765 1778 830 1841 qua
852 1757 1021 1822 voluntate
1044 1755 1179 1821 Philisti
1202 1756 1344 1821 consilio

162 1846 335 1911 deterritus
360 1846 528 1930 aliquanto
553 1844 713 1910 crudelior
735 1867 807 1910 esse
831 1845 947 1930 coepit.

250 1952 281 2016 4.
313 1951 376 2040 Qui
400 1952 531 2036 quidem
554 1973 626 2016 curn
650 1974 669 2015 a
693 1949 799 2016 Dione
822 1973 857 2016 se
881 1952 1027 2036 superari
1050 1951 1176 2017 rideret
1198 1951 1349 2036 ingenio,

161 2040 371 2125 auctoritate,
399 2062 508 2105 amore
536 2040 665 2126 populi,
693 2062 806 2107 verens
830 2063 884 2126 ne,
913 2041 941 2104 si
965 2063 1039 2106 eum
1063 2062 1173 2105 secum
1195 2040 1344 2125 haberet,

108 2165 147 2204 ,ὃς
164 2129 309 2214 aliquam
346 2129 549 2194 occasionem
587 2129 637 2194 sui
674 2128 767 2194 daret
804 2129 1021 2215 opprimendi,
1062 2151 1180 2195 navem
1216 2130 1246 2194 ei
1283 2130 1344 2193 tri-

160 2240 284 2283 remem
315 2217 420 2303 dedit,
454 2241 518 2303 qua
550 2216 744 2283 Corinthum
776 2217 1002 2303 deveheretur,
1035 2218 1209 2283 ostendens
1243 2239 1278 2282 se
1309 2218 1345 2282 id

161 2307 332 2392 utriusque
359 2307 464 2373 facere
493 2329 604 2393 causa,
631 2329 686 2392 ne,
714 2329 787 2372 cum
814 2307 902 2372 inter
930 2329 965 2372 se
988 2307 1156 2392 timerent,
1183 2306 1347 2372 alteruter

127 2398 301 2464 aalterum
334 2400 595 2482 praeoccuparet.
641 2397 679 2461 Id
707 2418 781 2461 cum
808 2396 931 2461 factum
963 2395 1060 2460 multi
1092 2396 1346 2480 indignarentur

162 2505 365 2569 magnaeque
402 2489 489 2550 esset
524 2485 666 2551 invidiae
703 2489 857 2570 tyranno,
894 2484 1073 2568 Dionysius
1110 2485 1221 2550 omnia
1258 2506 1351 2568 quae

163 2575 287 2639 moveri
314 2578 466 2656 poterant
493 2574 609 2639 Dionis
637 2575 671 2638 in
698 2573 791 2639 naris
819 2573 977 2658 imposuit
1005 2574 1046 2637 ad
1074 2596 1212 2658 eumque
1240 2573 1345 2637 misit.

199 2770 223 2821 5.
250 2771 275 2820 et
290 2761 433 2819 ‘sondem'
450 2783 471 2820 s.
486 2783 519 2817 zu
539 2764 642 2832 XVIII,
662 2771 688 2832 4,
699 2773 723 2820 3.
814 2765 844 2820 4.
875 2773 898 2819 1.
926 2766 980 2836 Qut
998 2767 1106 2834 quidem
1129 2764 1347 2834 wie1,4quac

163 2867 196 2876 —
207 2841 328 2905 potestas
341 2835 394 2890 wie
409 2836 475 2904 VII,
495 2842 519 2903 9,
531 2843 601 2891 5.-
615 2838 725 2907 aycardi,
779 2838 894 2906 quidem.
932 2869 966 2876 -
1003 2838 1126 2907 inperio,
1170 2837 1348 2904 audoritote,

162 2906 247 2961 naml.
268 2923 331 2961 cum
348 2911 438 2977 patre.
779 2925 870 2964 amore
884 2909 984 2978 populi
1002 2925 1024 2962 s.
1039 2925 1072 2960 zu
1091 2909 1117 2975 Ι,
1137 2913 1162 2976 8,
1172 2913 1198 2961 4.

199 2995 229 3051 3.
258 3003 282 3050 1.
306 2999 354 3066 qui
369 3027 402 3037 —
416 2999 492 3053 uellet
511 2996 590 3052 dient
606 3015 655 3051 zur
672 2997 725 3052 Be·
814 3014 904 3053 aecum
922 2996 965 3050 ‘in
984 2995 1076 3052 seiner
1094 2995 1277 3066 Umgebung,
1296 3013 1349 3049 um

162 3068 325 3137 grdndnng,
341 3068 467 3138 ΨΜ.
495 3069 603 3124 Betone
617 3069 725 3138 aliqum
780 3065 858 3122 sich'.
878 3101 912 3110 -
937 3069 1041 3137 aliquis
1057 3067 1131 3122 nach
1148 3084 1183 3121 ac
1200 3065 1239 3121 ist
1257 3067 1347 3121 nach·

163 3158 183 3193 s.
203 3157 237 3193 zu
256 3147 317 3208 4,1.
780 3139 960 3193 drticlrlicher
978 3140 1021 3193 als
1036 3139 1086 3193 das
1100 3136 1187 3194 blodo
1205 3139 1280 3207 quis:
1295 3134 1349 3190 ‘ir-

198 3218 223 3266 2.
238 3213 357 3266 amicum
371 3211 516 3266 ubersetze
529 3211 603 3266 nach
616 3211 655 3277 ΙΙ,
675 3217 724 3278 o,1
780 3211 856 3280 gend
878 3209 1003 3265 welche'.
1025 3241 1056 3251 -
1081 3211 1231 3280 opprimere
1249 3206 1351 3263 ‘tiber-

162 3299 247 3352 aeque
264 3299 363 3352 masao
388 3299 472 3352 aeque
495 3284 572 3339 borio.
593 3314 626 3323 -
650 3270 727 3336 Uber
780 3280 928 3351 waltigen,
948 3277 1075 3336 stdmen’.

163 3370 220 3407 rwo
233 3354 326 3434 mair
343 3370 425 3421 ruam
448 3370 469 3407 s·
488 3370 522 3406 zu
540 3354 574 3419 V,
595 3359 645 3420 1‚2
669 3369 727 3408 noo
816 3378 871 3430 aaa
893 3361 1062 3416 avocetur
1080 3358 1134 3416 wie
1157 3362 1206 3430 qur
1223 3362 1347 3416 anau-

163 3438 252 3492 mapa
270 3439 361 3476 amon
378 3439 461 3491 qam
478 3440 551 3478 aare
568 3424 674 3479 ductos·
692 3454 726 3463 -
779 3439 841 3488 reat
858 3432 883 3500 1,
905 3439 927 3499 1,
939 3437 965 3486 a.
996 3431 1108 3486 nuens>
1125 3435 1213 3487 unten
1232 3437 1278 3497 aa
1297 3434 1357 3503 qur

163 3489 725 3619 aceruatarum
780 3519 840 3559 r·
860 3535 893 3543 -
906 3503 1080 3594 rior·

164 3581 393 3689 walthiirschaft
415 3605 492 3690 eines
511 3582 658 3704 Einzgigeire
672 3582 727 3691 dein
816 3582 1186 3719 ,iwffimffi’ss’ifi
1209 3661 1262 3729 ΠΙ,
1289 3669 1313 3729 1,
1332 3670 1346 3716 1

163 3705 284 3775 dbrigen
302 3705 589 3777 Regiemngsformen
607 3723 666 3762 vor.
781 3736 966 3790 ,mmmm
983 3735 1056 3790 ,my
1073 3750 1108 3791 33,

200 3795 232 3904 tn
250 3779 489 3918 itddri'giiirt'
503 3777 662 3904 doridhizu
676 3865 727 3918 po·
782 3831 1002 3954 (16ζέἴὲῗὲ
1002 3808 1349 3952 ῗῇἕῖζοὲξᾞὲῃῗξιξζ

164 3923 219 3976 tuit
246 3921 288 3974 als
317 3938 351 3973 au
378 3922 477 3976 caluit:
496 3919 668 3974 ‘vermochte
695 3936 726 3974 so
865 3963 877 3976 ,,

164 3990 222 4045 viel
240 3992 298 4045 und
316 3989 418 4046 wirlrte
436 4007 467 4045 so
486 3987 633 4060 mtchtig'.
782 3975 816 4011 ²¹¹
835 3959 946 4013 Sinnin
964 3957 1071 4011 ⁸⁰⁰hl0·

178 4064 227 4143 ,ei
245 4064 423 4144 persuaserat
429 4063 533 4130 faeere,
555 4063 727 4132 ungewfihn.
817 4051 842 4100 2.
875 4046 997 4101 invidiae
1023 4045 1105 4127 nicht
1131 4040 1239 4099 ‘Neid'.
1277 4043 1351 4099 Εδδθ

164 4133 240 4214 lrohe
258 4133 471 4189 Konstrukhon.
501 4132 575 4187 Was·
589 4132 729 4188 erfordert
781 4117 859 4197 belm
881 4116 967 4198 Dalii*
993 4116 1044 4170 stuf
1066 4115 1226 4185 (110Ffflss0
1249 4122 1349 4170 ”⁰2¹1?

166 4205 213 4259 dre
235 4203 344 4274 Regel?
368 4235 402 4246 -
421 4206 590 4274 persuaserit
613 4221 687 4267 mu
705 4205 727 4273 1,
781 4186 1228 4242 1stoftfre1erzuubersetzen.

166 4282 191 4341 δ’
202 4280 221 4400 i
233 4277 420 4415 illidi:
439 4346 545 4429 mapa
568 4346 622 4400 mir
639 4342 726 4400 ‘aser’
777 4274 1218 4426 pdlllotiiiffatgilii
1233 4291 1354 4415 litii?

166 4432 211 4471 an.
231 4445 264 4456 -
282 4418 421 4474 retroacte
439 4434 492 4472 wie
513 4417 563 4486 VI,
582 4424 607 4485 2,
618 4425 643 4471 3.
782 4417 857 4471 hehe
877 4414 973 4473 Habe'.
1006 4418 1070 4486 Vgl.
1090 4434 1123 4471 ru
1143 4417 1181 4484 ΙΙ,
1202 4422 1227 4484 2,
1238 4423 1263 4472 8.
