2790 4882
384 263 445 316 vu.
473 260 699 317 ALCIBIADES.
737 261 814 319 oar.
835 267 895 318 ao
1188 269 1231 333 49

53 429 145 493 iuxta
176 427 306 491 hostem
335 430 442 492 castra
468 425 589 490 habeas
613 427 757 511 nautica3
786 426 967 511 periculum
991 431 1042 491 est
1065 427 1165 513 enim,
1191 450 1232 492 ne

53 516 264 582 immodestia
291 516 434 579 militum
462 519 644 580 vestrorum
673 516 798 580 occasio
823 515 917 580 detur
939 515 1107 600 Lysandro
1130 518 1232 582 vestri

54 605 260 690 opprimendi
298 605 476 668 exereitus!
532 603 646 688 Neque
684 626 722 668 ea
756 626 806 669 res
840 604 934 668 illum
965 605 1091 670 fefellit.
1146 605 1268 671 Namo

54 694 237 778 Lysander,
261 715 335 759 cum
353 716 411 778 per
430 693 650 777 speculatores
671 693 884 778 comperisset
902 693 1035 780 vulgum
1055 692 1232 760 Athenien-

54 785 139 848 sium
168 783 349 847 interram
377 783 567 867 praedatum
598 782 703 847 exisse
731 803 892 867 navesque
921 805 1023 866 paene
1047 782 1159 848 inanes
1182 806 1231 849 re-

54 874 165 955 lictas,
188 875 320 956 tempus
343 872 390 935 rei
414 870 574 954 gerendae
597 893 663 936 non
688 870 812 936 dimisit
835 892 938 955 eoque
962 872 1086 957 impetu
1109 872 1232 938 bellum

53 967 162 1027 totum
188 961 318 1025 delevit.

144 1068 175 1133 9.
216 1067 263 1131 At
294 1065 495 1150 Alcibiades,
532 1064 627 1129 victis
660 1063 915 1130 Atheniensibus
948 1088 1014 1131 non
1047 1067 1127 1132 satis
1160 1071 1234 1134 tuta

53 1157 167 1223 eadem
193 1157 265 1221 loca
288 1155 352 1219 sibi
375 1155 552 1240 arbitrans,
575 1153 705 1239 penitus
729 1155 763 1219 in
782 1153 954 1219 Thraciam
979 1177 1013 1220 se
1036 1177 1135 1240 supra
1155 1155 1233 1222 Pro-

54 1246 225 1332 pontidem
249 1244 390 1329 abdidit,
418 1265 550 1329 sperans
579 1243 626 1307 ibi
648 1243 802 1308 facillime
827 1266 919 1308 snam
941 1244 1107 1310 fortunam
1122 1246 1234 1314 ¹occuli

54 1357 161 1420 posse.
204 1332 311 1398 Falso.
352 1332 439 1397 Nam
463 1332 618 1416 Thraces,
642 1336 816 1417 postquam
841 1355 915 1398 eum
939 1354 1010 1398 cum
1035 1355 1156 1420 magna
1178 1351 1268 1420 poa

54 1423 150 1490 cunia
169 1423 298 1488 venisse
318 1425 501 1507 senserunt,
524 1421 659 1486 insidias
679 1420 839 1506 fecerunt3
863 1421 919 1506 qui
939 1444 990 1508 ea,
1014 1444 1097 1506 quae
1116 1446 1233 1508 appor-

55 1517 158 1595 tarat,
183 1511 400 1595 abstulerunt,
429 1511 537 1594 ipsum
562 1531 675 1596 capere
697 1531 764 1574 uon
785 1514 970 1595 potuerunt.
1015 1511 1077 1576 Ille
1101 1533 1233 1578 cernens
1253 1531 1268 1579 3

53 1602 184 1667 nullum
207 1601 315 1665 locum
340 1600 403 1663 sibi
425 1603 535 1664 tutum
558 1599 592 1663 in
617 1599 753 1664 Graecia
775 1603 910 1684 propter
932 1600 1115 1682 potentiam
1134 1601 1233 1666 Lace-

55 1689 316 1773 daemoniorum,
343 1688 383 1752 ad
406 1687 652 1752 Pharnabazum
680 1687 714 1752 in
737 1687 850 1752 Asiam
873 1689 1018 1774 transiit3
1046 1712 1141 1774 quem
1167 1690 1234 1774 qui·

54 1781 128 1844 dem
160 1778 241 1843 adeo
273 1800 332 1842 sua
362 1777 448 1862 cepit
477 1772 694 1860 humanitate,
726 1779 764 1842 ut
794 1798 867 1841 eum
897 1799 992 1842 nemo
1025 1777 1060 1842 in
1090 1779 1235 1844 amicitia

55 1868 271 1934 antecederet.
307 1866 457 1950 Namque
477 1865 507 1931 ei
527 1865 686 1952 Grynium
706 1866 853 1952 dederat,
871 1866 905 1930 in
919 1865 1064 1953 Phrygia
1083 1872 1235 1952 castrum,

55 1980 94 2022 ex
115 1978 180 2041 quo
205 1957 435 2041 quinquagena
457 1955 584 2020 talenta
606 1955 779 2038 vectigalis
804 1955 963 2039 capiebat.
1008 1955 1080 2032 Qua
1102 1957 1236 2022 fortuna
1254 1976 1270 2024 4

54 2045 245 2110 Alcibiades
269 2067 335 2108 non
358 2049 429 2108 erat
452 2048 636 2130 contentus,
658 2065 763 2128 neque
783 2044 929 2109 Athenas
954 2044 1057 2110 victas
1076 2045 1235 2112 Lacedae·

55 2135 175 2199 moniis
207 2133 328 2198 servire
357 2138 488 2223 poterat
517 2133 595 2217 pati.
641 2132 757 2217 Itaque
788 2133 829 2196 ad
859 2135 1001 2218 patriam
1034 2134 1235 2200 liberandam

55 2224 145 2288 omni
173 2223 341 2288 ferebatur
368 2221 575 2306 cogitatione.
621 2220 685 2287 Sed
714 2221 845 2286 videbat
872 2223 906 2286 id
935 2222 1004 2287 sine
1031 2243 1109 2308 rege
1137 2223 1270 2292 Perses

56 2335 122 2377 non
150 2334 247 2397 posse
278 2311 348 2376 fieri
377 2311 514 2395 ideoque
546 2332 619 2375 eum
647 2312 787 2374 amicum
818 2311 883 2374 sibi
911 2311 1062 2396 cupiebat
1093 2312 1235 2396 adiungi,

55 2422 162 2486 neque
193 2400 366 2464 dubitabat
394 2399 490 2464 facile
521 2421 555 2464 se
584 2386 847 2484 consecuturum,
877 2399 906 2465 si
933 2400 1029 2464 modo
1060 2401 1128 2464 eius
1159 2422 1234 2466 eon-

55 2490 210 2556 veniundi
238 2488 406 2553 habuisset
432 2492 642 2572 potestatem.
686 2487 773 2552 Nam
797 2485 917 2572 Cyrum
944 2489 1080 2554 fratrem
1108 2488 1139 2555 ei
1166 2490 1234 2555 bel·

56 2581 125 2644 lum
157 2579 240 2643 clam
273 2599 386 2663 parare
417 2576 682 2643 Lacedaemoniis
713 2577 943 2643 adiuvantibus
974 2578 1110 2643 sciebat:
1142 2578 1177 2643 id
1207 2581 1236 2644 si

57 2669 252 2753 aperuisset,
276 2688 427 2752 magnam
452 2688 486 2730 se
509 2666 667 2732 initurum
692 2667 834 2750 gratiam
856 2666 998 2733 videbat.

723 2767 735 2789 .

94 2902 118 2951 5.
152 2901 243 2950 castra
270 2896 385 2949 cenatica
414 2911 434 2948 s.
459 2911 491 2946 au
519 2892 618 2961 XXIII,
709 2895 741 2947 ta
754 2894 881 2964 Phrygia
896 2900 1016 2949 castrum
1035 2912 1055 2948 a.
1071 2912 1104 2948 au
1118 2894 1169 2964 ΙΙΙ,
1185 2901 1234 2964 al

59 2976 100 3035 11,
117 2973 141 3020 6.
669 2967 768 3034 paqbu
785 2965 862 3033 apud
879 2965 1032 3019 Salamiua.

93 3037 262 3092 imllwdesslia
281 3034 334 3089 Wit
353 3035 405 3103 VI,
426 3042 449 3102 1,
461 3041 485 3090 2·
711 3059 830 3107 cestram
848 3053 925 3106 steht
942 3051 1122 3121 gewohnlich
1140 3071 1193 3106 nur
1206 3053 1236 3107 in
1348 3054 1351 3060 '

95 3124 118 3172 6.
139 3133 182 3171 res
194 3133 235 3170 me
247 3112 393 3184 fullit‘ich
409 3114 526 3168 causaue
543 3113 620 3168 mich
674 3122 860 3192 Verbindung
881 3123 935 3177 mit
953 3123 1134 3192 Ortsnamen,
1158 3126 1237 3178 sonat

58 3188 88 3243 in
107 3189 185 3243 einer
204 3185 312 3242 Sache',
676 3195 831 3249 castellum.
1278 3206 1280 3211 '

93 3267 199 3341 tenipus
212 3257 266 3312 wie
279 3264 333 3325 aa.
342 3290 379 3346 7
390 3253 620 3313 delenit‘brachte
711 3276 917 3345 qumquam,
934 3273 1066 3344 jahffich,
1096 3262 1171 3330 fiber
1186 3275 1236 3330 da,

59 3330 191 3401 ghfflhssh
209 3347 244 3382 ΖΠ
262 3329 358 3382 Ende·
675 3345 779 3400 Talent
798 3363 818 3401 s,
833 3364 867 3399 zu
886 3347 911 3414 Ι,
928 3353 952 3414 ἵ,
963 3353 987 3402 6.

94 3429 122 3482 9.
160 3435 184 3481 1.
212 3428 316 3494 eadem
336 3443 379 3480 wo
399 3442 429 3480 er
447 3424 508 3479 sich
526 3424 622 3480 bisher
711 3441 736 3490 4,
766 3435 828 3505 Qua
845 3434 952 3506 knflpfe
971 3435 1025 3490 mit
1043 3431 1130 3491 ‘aber’
1147 3453 1192 3494 an,

58 3498 242 3568 aufgehalten
256 3498 344 3552 hatte.
359 3528 393 3537 -
407 3499 548 3552 arbitrans
561 3498 621 3551 Ibse
711 3517 873 3585 commone
904 3515 944 3569 im
973 3515 1136 3572 Deutgchen
1169 3517 1237 3571 Sub.

59 3570 102 3624 als
132 3570 300 3623 Kausalsata
332 3568 388 3623 auf.
434 3568 497 3622 Den
524 3567 621 3622 Grund
672 3585 744 3655 joha,

60 3640 152 3695 seiher
169 3640 276 3728 Fursshf
295 3658 317 3720 ⁸:
333 3645 347 3705 b
361 3647 386 3694 3.
413 3709 419 3720 ‚
504 3708 513 3730 ‚
711 3663 735 3712 ὁ.
754 3673 814 3727 rece
821 3658 910 3726 Perse,
920 3658 1087 3712 Artaxerxes
1097 3659 1238 3714 Mnemon.

93 3713 237 3780 fortunam
269 3727 328 3765 sem
354 3711 520 3778 Schicksal,
548 3709 620 3780 folg·
676 3758 710 3768 -
729 3728 808 3783 Perse
826 3747 847 3784 Β,
867 3729 957 3798 mn,
977 3735 1036 3797 8,2.

60 3781 117 3837 lich
135 3783 211 3837 auch
230 3781 291 3837 sein
308 3781 483 3836 Aufenthalt.

94 3878 118 3926 2.
148 3873 210 3941 qul,
234 3871 260 3925 d.
280 3870 299 3925 i.
319 3873 348 3925 et
366 3871 421 3940 illi,
446 3888 467 3926 s,
486 3888 519 3924 au
543 3872 622 3926 cuius

59 3946 165 4014 ueneris
183 3943 208 4010 Ι,
229 3949 253 4010 1,
265 3948 290 3997 2.

96 4021 120 4070 3.
146 4015 364 4070 leraabaaam
383 4013 464 4081 aVI,
484 4018 544 4080 4,1.

94 4102 172 4154 quem
198 4087 318 4154 quidem,
344 4084 397 4139 wie
423 4085 475 4152 III,
502 4092 524 4152 1,
540 4091 564 4139 3.
588 4115 621 4123 -

60 4158 129 4226 cepit
147 4155 242 4210 ‘nahm
260 4157 305 4208 fr‘ir
324 4155 385 4210 sich
404 4155 462 4223 cin,
486 4153 622 4222 gewann‘.

61 4257 94 4268 —
111 4229 272 4284 hnmanitas
294 4226 357 4282 hier
375 4224 462 4280 ‘feine
480 4222 621 4296 Bildung',
713 4218 810 4272 bellum
824 4234 928 4287 parare
951 4235 971 4271 s.
990 4235 1024 4270 zu
1041 4216 1077 4285 X,
1098 4222 1146 4287 s‚1
1169 4233 1238 4272 coru-

60 4315 80 4354 s.
100 4316 134 4352 zu
154 4298 240 4365 XXV,
262 4305 339 4366 16,1.
672 4304 783 4358 perure.

94 4386 168 4438 cunc,
201 4368 392 4436 Alcibiadcm;
430 4371 461 4424 tn
488 4370 621 4437 confictio,
711 4369 831 4438 qratiam
849 4369 920 4423 inire
938 4364 1008 4420 ‘sich
1027 4366 1119 4422 Gunst
1138 4385 1238 4423 erwer-

60 4439 245 4495 Pharnabazi.
676 4437 748 4494 ben'.

116 4549 191 4592 cona.
207 4550 298 4590 Nanos.
564 4549 566 4553 ’
1008 4534 1025 4580 4

710 3825 795 3878 aeque
813 3809 958 3863 dubitabat
977 3825 998 3864 s.
1012 3826 1045 3862 zu
1064 3809 1089 3876 I,
1109 3815 1133 3877 3,
1145 3816 1169 3864 6.

707 3893 1086 3966 ponstatcm‘Gelegenheit'3
1098 3898 1238 3953 conuenire

676 3969 793 4037 aliquem
811 3966 852 4021 ‘zu
868 3967 983 4037 jemand
998 3967 1106 4038 gehen’,
1126 3987 1174 4022 um
1188 3967 1238 4022 ihn

677 4056 710 4091 zu
729 4038 874 4108 spreehan.

712 4127 814 4198 Cyrum
833 4145 854 4184 s.
872 4146 906 4181 zu
924 4128 975 4197 IX,
995 4135 1019 4197 3,
1032 4135 1054 4184 1.
