2790 4882
252 219 338 275 XXV.
366 220 396 275 Τ,
415 219 624 274 POMPONIUS
644 218 808 275 ATTIGUS.
847 217 925 274 oAP.
947 225 989 275 13.
1010 223 1052 273 14.
1181 220 1244 287 167

65 383 198 468 habuit,
230 384 317 468 quod
344 388 395 448 est
422 385 552 469 signum
583 405 648 449 non
677 383 783 448 solum
811 381 1030 448 continentiae
1061 380 1117 445 sed
1146 381 1245 445 etiam
1271 386 1273 390 '

65 472 269 558 diligentiae.
313 471 345 538 N
348 495 401 537 am
424 477 457 537 et
480 494 547 537 non
569 472 823 554 intemperanter
847 471 1088 556 concupiscere,
1116 469 1202 554 quod
1226 491 1246 534 a

65 562 218 648 plurimis
247 561 372 647 videas,
403 561 600 627 continentis
631 560 727 626 debet
755 558 840 646 duci,
873 564 906 625 et
934 560 1043 644 potius
1072 556 1245 643 diligentia

64 673 167 736 quam
197 651 303 736 pretio
333 672 448 736 parare
479 672 545 714 non
574 649 744 715 mediocris
773 653 824 715 est
855 648 1043 714 industriae.
1092 647 1283 733 Elegans,o

63 762 135 806 non
163 740 369 825 magnificus3
402 739 604 824 splendidus,
631 761 697 804 non
725 743 950 823 sumptuosum
978 738 1146 819 omnisque
1174 735 1247 800 dili-

65 829 183 912 gentia
206 828 414 912 munditiam,
437 850 503 893 non
527 828 737 892 adfluentiam
761 826 953 891 adfectabat.
1001 824 1154 910 Supellex
1176 845 1245 889 mo-

64 919 155 1003 dica,
177 939 244 982 non
262 917 379 1002 multa,
402 921 439 981 ut
462 917 497 982 in
519 921 669 982 neutram
692 919 820 1001 partem
844 914 987 1000 conspici
1010 917 1132 1000 posset.
1176 911 1282 978 Nece

64 1006 265 1092 praeteribo,
298 1028 484 1090 quanquam
514 1006 681 1070 nonnullis
713 1004 783 1070 leve
811 1004 917 1070 visum
946 1003 986 1068 iri
1015 1005 1141 1088 putem,
1174 1024 1246 1067 oum

65 1095 231 1180 imprimis
259 1095 368 1159 lautus
397 1097 485 1160 esset
513 1116 610 1180 eques
638 1093 805 1158 Romanus
837 1097 870 1158 et
897 1115 962 1157 non
984 1114 1100 1175 parum
1128 1090 1246 1156 libera-

65 1186 146 1250 liter
174 1184 304 1249 domum
333 1206 425 1248 suam
454 1184 599 1248 omnium
629 1183 777 1248 ordinum
805 1182 954 1248 homines
983 1181 1152 1265 invitaret,
1181 1201 1246 1245 non

65 1274 210 1357 amplius
241 1294 338 1357 quam
369 1275 464 1338 terna
492 1272 583 1336 milia
616 1294 777 1357 peraeque
809 1272 844 1335 in
871 1270 1018 1356 singulos
1050 1290 1179 1334 meuses
1209 1290 1248 1332 ex

65 1361 275 1447 ephemeride
299 1384 373 1426 eum
397 1383 574 1447 expensum
598 1361 743 1446 sumptui
765 1360 849 1425 ferre
872 1359 1015 1424 solitum.
1057 1357 1166 1441 Atque
1183 1357 1281 1422 hocr

65 1473 136 1517 non
160 1451 320 1536 auditum,
344 1450 401 1515 sed
424 1450 591 1536 cognitum
615 1449 853 1534 praedicamus,
881 1468 978 1531 saepe
1002 1446 1089 1511 enim
1112 1449 1248 1531 propter

66 1539 330 1606 familiaritatem
354 1538 541 1604 domesticis
564 1538 661 1604 rebus
684 1536 900 1603 interfuimus.

162 1647 212 1711 14.
248 1645 355 1710 Nemo
382 1645 418 1709 in
441 1644 589 1710 convivio
619 1643 688 1726 eius
712 1644 800 1708 aliud
827 1665 978 1708 acroama
1001 1641 1127 1707 audivit
1149 1662 1247 1726 quam

65 1738 288 1821 anagnosten3
314 1734 399 1819 quod
422 1756 482 1799 nos
505 1734 636 1819 quidem
659 1732 928 1797 iucundissimum
952 1731 1163 1796 arbitramur:
1191 1751 1246 1794 ne·

67 1847 133 1911 que
160 1846 304 1908 unquam
334 1823 403 1888 siue
432 1823 542 1907 aliqua
570 1823 710 1888 lectione
739 1821 825 1906 apud
849 1844 923 1887 eum
947 1824 1096 1885 cenatum
1120 1823 1182 1902 est,
1209 1822 1248 1883 ut

66 1935 137 1979 non
155 1913 263 1978 minus
288 1912 396 1977 animo
420 1934 518 1996 quam
541 1916 653 1977 ventre
677 1912 832 1976 convivae
856 1910 1105 1975 delectarentur.
1145 1905 1247 1973 Nam-

67 2025 133 2089 que
152 2024 206 2068 eos
225 2002 380 2085 vocabat,
403 2022 542 2085 quorum
565 2022 672 2066 mores
691 2022 710 2063 a
729 2000 797 2064 suis
820 2021 886 2065 non
905 1998 1124 2064 abhorrerent.
1165 1992 1247 2062 Oum
1266 2010 1282 2059 r

66 2246 128 2285 was
147 2247 178 2284 er
202 2229 262 2284 sein
281 2229 377 2296 sollte,
402 2229 428 2283 d.
448 2228 466 2283 i.
481 2223 632 2297 ‘gezogen’.
723 2233 803 2282 terreo
825 2227 918 2294 milio,
940 2225 1065 2280 n'dmlich
1088 2222 1249 2279 sestertium

67 2304 129 2356 Att.
145 2301 201 2371 gab
216 2300 277 2354 sich
291 2300 351 2354 also
371 2298 462 2354 selbot
480 2298 570 2353 demit
588 2299 632 2367 ab,
688 2301 719 2365 (s.
738 2315 771 2351 ru
797 2303 822 2365 4,
837 2304 878 2365 4),
904 2313 962 2350 was
989 2295 1063 2349 ofter
1087 2293 1248 2364 wegbleibt‚

67 2372 149 2428 seine
174 2372 298 2426 Sklaven
325 2389 358 2424 zu
386 2369 486 2425 ziehen
512 2370 571 2424 und
599 2388 633 2424 zu
687 2370 725 2423 da
752 2368 800 2422 die
826 2368 932 2422 Romer
958 2367 1068 2420 damals
1096 2364 1250 2435 allgemein

68 2443 275 2512 unterrichten,
302 2459 332 2497 sc
353 2441 409 2495 dall
433 2458 463 2496 er
487 2440 533 2496 die
554 2441 632 2495 Sum·
686 2440 761 2494 nach
771 2438 865 2494 dieser
873 2440 974 2493 Miinze
983 2438 1145 2492 reobneten.
1164 2436 1249 2491 Diese

67 2533 148 2584 men,
172 2515 279 2569 welche
304 2514 407 2568 andere
430 2514 476 2566 fiir
500 2512 554 2567 den
576 2512 631 2564 An·
686 2511 732 2565 ftir
747 2510 814 2581 jene
832 2509 894 2565 Zeit
910 2510 968 2564 und
988 2509 1034 2564 die
1053 2506 1249 2563 Verhtltnisse

67 2587 142 2641 kaus
157 2585 262 2641 bereits
277 2584 495 2639 unterricbteter
509 2583 634 2638 Sklaven
688 2583 737 2637 des
765 2582 823 2637 Att.
851 2599 885 2635 zu
917 2580 1017 2651 garing
1048 2579 1249 2634 erscheinende

68 2657 290 2727 verausgabten‚
311 2658 445 2726 ersparte.
688 2654 800 2708 Summe
818 2651 932 2708 bezieht
949 2651 1010 2706 sich
1025 2650 1179 2721 jedenfalls
1197 2668 1250 2703 nur

106 2739 280 2810 dilipentiae,
317 2735 380 2790 hier
415 2735 473 2789 und
509 2735 634 2790 nachher
687 2725 739 2778 auf
767 2725 813 2779 dle
840 2723 992 2779 lculendcn
1019 2721 1171 2792 Ausgaben
1199 2722 1249 2776 des

64 2807 248 2879 ‘sorgfaltige
267 2806 456 2876 Th'atigkeit’.
687 2796 866 2851 Haushaltes.
904 2795 951 2849 Sie
970 2810 1028 2848 war
1047 2795 1097 2847 das
1116 2809 1172 2847 von
1189 2792 1250 2846 ihm

106 2891 180 2960 quod
209 2906 227 2943 a
278 2888 386 2943 purim
417 2888 510 2941 videa,
542 2881 635 2955 (man
686 2867 868 2935 festgesetzte
904 2864 1076 2919 monatliche
1110 2863 1250 2918 Haushal·

69 2962 160 3017 seben
182 2960 259 3014 kann
292 2957 363 3013 coni.
387 2959 520 3027 potent),
548 2956 633 3011 n'aml.
687 2937 849 3007 luflgflgeld·
896 3017 901 3028 .

69 3031 243 3102 concupisci.
268 3063 301 3071 —
330 3030 494 3084 contineatis
507 3025 566 3081 ‘ffir
589 3027 634 3081 ein
724 3035 757 3072 ec:
770 3016 935 3097 ephemeride
953 3017 1020 3083 (von
1034 3008 1250 3084 ἐφημερίςγκιι-

70 3104 195 3159 Zeiehen
213 3119 269 3157 von
286 3098 528 3154 Enthaltsamkoit
547 3094 600 3154 -’,
688 3088 777 3157 folge,
796 3088 858 3141 laut
876 3102 967 3140 semes
986 3083 1188 3155 Tagebuches'.

109 3190 133 3239 5.
154 3185 273 3254 clepone,
289 3186 407 3252 erg’tnze
422 3182 491 3234 erat.
522 3178 634 3234 Ebenso
724 3193 871 3247 expensum
889 3175 1013 3245 sumptui
1029 3174 1101 3242 serre
1113 3169 1165 3227 ‘als
1179 3173 1250 3226 Aus-

70 3256 199 3310 naobber
215 3253 264 3308 bei
281 3254 409 3323 supellex.
689 3249 763 3320 gabe
790 3247 835 3301 fiir
861 3247 917 3301 den
939 3244 1079 3299 Aufwand
1105 3242 1137 3297 in
1158 3243 1250 3298 Rech-

107 3335 275 3391 mwnditiom
288 3327 491 3387 ‘Senberkeit’.
688 3338 767 3389 nung
784 3312 923 3388 bfiflgfln’·

108 3407 197 3462 multo
210 3401 254 3458 ‘in
276 3405 391 3474 Menge,
418 3391 575 3457 llberfluss'·
602 3433 636 3442 -
726 3416 749 3464 7.
783 3424 841 3462 nou
867 3407 1007 3473 auditum,
1039 3405 1086 3460 sed
1113 3405 1251 3478 counitum

70 3481 105 3534 s'a
129 3483 256 3532 neutram
278 3483 385 3546 portem
410 3475 532 3544 conspici
549 3469 636 3528 ‘nach
685 3477 778 3534 ‘nicht
804 3478 877 3533 nach
905 3477 1102 3548 Horonsagen,
1130 3477 1252 3532 sondern

72 3548 172 3604 keiner
190 3563 245 3600 von
263 3547 367 3602 beiden
387 3545 483 3600 Seiten
501 3544 552 3599 hin
575 3543 635 3598 auf·
688 3551 762 3606 nach
781 3550 895 3620 sigener
911 3543 1174 3606 Kenntnisnahme’,

72 3617 181 3688 fallen',
198 3618 294 3673 weder
311 3618 353 3672 als
372 3635 406 3671 zu
422 3615 636 3672 verschwende-
725 3647 775 3705 14.
810 3655 833 3704 1,
861 3654 991 3703 acroama
1017 3642 1169 3716 (ἀκρόαμα)
1185 3641 1251 3700 «αθ.

73 3691 162 3758 risch’
185 3689 259 3744 n⁰⁰h
282 3690 324 3743 ³1⁸
348 3707 382 3743 ²¹¹
404 3687 535 3754 lrmlmhi
563 3705 584 3742 ⁸·
603 3704 637 3770 ΖΡ
709 3719 748 3774 ull
771 3720 816 3774 fiir
839 3719 889 3772 das
908 3717 967 3772 Ohr
1005 3714 1251 3772 Ohrensehmaus'.

73 3762 148 3830 'HV’
168 3769 220 3830 ³·³
243 3777 313 3831 W
337 3777 399 3816 mm
421 3775 511 3814 ΨΜ
529 3774 636 3827 conspu-
689 3740 740 3847 ds
766 3790 890 3846 nemus
916 3760 978 3843 ueri
1002 3804 1069 3841 man
1096 3787 1143 3842 sis
1165 3786 1251 3844 custo

73 3839 320 3974 ecrssentfflmquam
337 3900 392 3956 mi,
409 3902 474 3955 dem
490 3898 636 3969 Konjunk·
690 3862 738 3917 bei
760 3861 841 3916 Tafel
865 3860 953 3914 durch
976 3858 1115 3924 Maritum,
1144 3857 1253 3929 tunger

72 3976 118 4032 tir
136 3975 175 4029 iet
193 3991 285 4045 gegen
308 3974 363 4027 den
380 3972 498 4027 bessern
518 3970 637 4040 Sprach·
772 4015 777 4026 .
1109 4014 1121 4026 „
1206 4007 1212 4020 .

73 4047 231 4116 gebrauch’
250 4045 307 4114 vgl'
327 4045 352 4112 I’
372 4050 397 4112 2'
408 4050 433 4098 3⁰
453 4073 486 4083 ”
512 4043 565 4098 leve
583 4040 636 4096 πίε
691 4029 962 4138 duldlmldvqellldn
971 4015 1084 4135 vdribdhr
1097 4009 1252 4136 ldllllmm

74 4118 164 4190 praef.
186 4124 209 4171 1.
1085 4099 1104 4151 g

111 4183 400 4245 lautoe‘stattlich’in
416 4183 637 4240 seinerLebens·
726 4189 770 4228 ⁶⁰⁸
791 4171 844 4227 Wie
870 4171 994 4240 1x‚a,4
1017 4187 1078 4225 cum
1100 4186 1134 4225 0³3
1149 4186 1183 4254 ,w
1199 4170 1254 4225 ⁸2'm

74 4261 174 4330 weiss,
193 4258 322 4313 ziemlich
337 4256 467 4312 desselbe
480 4254 534 4310 wie
547 4257 636 4325 spreu-
686 4245 835 4315 profectus.
856 4274 889 4283 -
912 4243 1026 4298 vocabat
1049 4258 1071 4298 s.
1089 4258 1123 4295 zu
1142 4256 1252 4296 revoco·

74 4333 166 4389 oseus.
187 4363 221 4371 -
244 4337 269 4386 a
286 4347 343 4385 nas
362 4345 466 4399 parum
490 4328 638 4383 rumice
691 4322 732 4371 tos
750 4315 783 4384 V,
803 4322 827 4383 4,
840 4322 864 4370 3·
901 4388 904 4393 ,

76 4421 97 4461 s.
113 4420 147 4457 ru
167 4409 235 4470 11,3
254 4408 353 4457 decu
370 4400 559 4456 necessarium.
727 4403 752 4451 2.
777 4395 845 4450 Cum
865 4424 898 4434 -
917 4393 1033 4448 accessio
1052 4397 1148 4460 s.o‚2.
1196 4404 1199 4417 ·
1245 4406 1246 4410 ¹

690 3934 749 3987 und
768 3930 966 4001 Scheuspieler
984 3930 1173 3985 unterbalten.
