2790 4882
164 268 207 332 22
497 264 533 319 11.
561 262 849 318 ruanrsuocnas
887 263 964 318 oar.
984 269 1009 318 s.

128 441 144 490 a
165 426 327 511 suffragiis
352 448 369 491 e
392 426 525 492 civitate
550 425 687 512 eiectus,
714 425 822 510 Argos
850 425 1036 491 habitatum
1064 428 1233 494 concessit.
1278 427 1345 494 Hic

164 538 237 581 cum
267 520 400 600 propter
432 516 554 579 multas
584 515 723 579 virtutes
757 535 877 598 magna
909 537 982 580 cum
1014 516 1175 600 dignitate
1205 517 1343 603 viveret,

163 603 411 670 Lacedaemonii
440 604 569 688 legatos
599 602 747 669 Athenas
778 605 950 690 miserunt,
981 605 1036 689 qui
1067 628 1140 669 eum
1171 607 1343 672 absentem

164 698 366 776 accusarent,
403 692 489 778 quod
523 691 713 757 societatem
750 715 824 758 cum
855 713 933 777 rege
964 692 1062 758 Perse
1095 695 1136 759 ad
1170 695 1343 760 Graeciam

128 797 144 846 3
165 781 410 867 opprimendam
432 781 572 846 fecisset.
617 779 690 847 Hoc
713 781 846 846 crimine
870 782 986 846 absens
1012 781 1184 847 damnatus
1202 787 1261 848 est.
1302 785 1343 849 Id

163 877 201 936 ut
224 870 362 956 audivit,
386 869 472 954 quod
494 891 560 934 non
584 870 665 934 satis
689 874 797 935 tutum
822 893 856 935 se
874 869 974 955 Argis
995 869 1142 956 videbat,
1165 870 1344 958 Corcyram

163 959 369 1044 demigravit.
422 958 475 1022 Ibi
506 981 579 1023 cum
612 959 775 1043 principes
814 959 1099 1025 animadvertisset
1135 960 1264 1046 timere,
1300 985 1343 1027 ne

162 1053 297 1133 propter
321 1069 355 1112 se
379 1047 502 1112 bellum
525 1047 566 1111 iis
585 1047 835 1113 Lacedaemonii
858 1053 891 1113 et
909 1047 1129 1114 Athenienses
1153 1049 1344 1136 indicerent,

163 1137 204 1200 ad
227 1136 417 1221 Admetum,
444 1135 624 1201 Molossum
652 1158 776 1222 regem,
805 1158 878 1201 cum
906 1158 969 1222 quo
999 1137 1029 1201 ei
1055 1137 1237 1222 hospitium
1261 1142 1344 1224 erat,

127 1224 320 1310 reonfugit.
371 1224 444 1289 Huc
473 1247 546 1289 cum
578 1225 735 1310 venisset,
768 1228 801 1290 et
832 1226 866 1290 in
898 1226 1082 1310 praesentia
1113 1248 1170 1290 rex
1202 1227 1344 1314 abesset,

164 1335 228 1398 quo
252 1314 374 1378 maiore
397 1313 557 1399 religione
581 1335 614 1377 se
638 1319 803 1398 receptum
827 1317 987 1399 tueretur,
1010 1315 1111 1379 filiam
1135 1315 1206 1380 eius
1224 1339 1342 1401 parvu-

163 1403 230 1467 lam
254 1402 393 1486 arripuit
416 1407 449 1467 et
472 1424 544 1467 cum
569 1424 607 1467 ea
630 1425 664 1468 se
688 1402 722 1466 in
747 1403 938 1486 sacrarium,
962 1403 1048 1488 quod
1068 1426 1194 1468 summa
1213 1405 1342 1469 coleba-

163 1496 218 1556 tur
241 1490 451 1575 caerimonia,
477 1491 623 1557 coniecit.
668 1491 748 1556 Inde
771 1513 837 1556 non
861 1493 952 1576 prius
977 1513 1126 1575 egressus
1150 1496 1213 1577 est,
1243 1515 1344 1578 quam

129 1599 145 1647 5
163 1603 219 1645 rex
239 1603 313 1644 eum
333 1581 408 1644 data
426 1581 540 1644 dextra
558 1579 593 1644 in
611 1578 709 1644 fidem
727 1581 898 1664 reciperet3
921 1602 1019 1664 quam
1039 1582 1214 1664 praestitit.
1254 1579 1343 1646 Nam

163 1691 236 1734 cum
260 1670 301 1733 ab
325 1668 580 1733 Atheniensibus
605 1671 638 1732 et
661 1668 926 1734 Lacedaemoniis
951 1674 1180 1754 exposceretur
1202 1671 1344 1756 publice,

164 1757 343 1842 supplicem
366 1779 432 1821 non
454 1757 600 1842 prodidit
622 1758 827 1842 monuitque,
849 1762 887 1821 ut
906 1758 1089 1822 consuleret
1108 1759 1183 1823 sibi:
1209 1758 1343 1824 difficile

164 1846 250 1930 enim
279 1867 350 1910 esse
378 1846 413 1908 in
440 1849 509 1909 tani
537 1845 720 1930 propinquo
748 1847 821 1911 loco
849 1850 921 1910 tuto
951 1868 1024 1911 eum
1047 1847 1179 1912 versari.
1225 1848 1343 1933 ltaque

162 1933 310 2018 Pydnam
330 1955 405 1997 eum
424 1932 538 1998 deduci
556 1933 654 2017 iussit
673 1937 719 2018 et,
743 1935 828 2018 quod
848 1935 928 1999 satis
948 1940 1035 2000 esset
1053 1935 1220 2020 praesidii,
1243 1936 1342 2003 dedit.

128 2022 227 2091 oHic
256 2022 290 2087 in
317 2044 433 2087 navem
465 2022 616 2086 omnibus
646 2022 781 2108 ignotus
811 2023 920 2088 nautis
953 2025 1103 2090 escendit.
1150 2024 1240 2100 Quae
1268 2047 1344 2090 cum

163 2114 359 2195 tempestate
389 2111 531 2176 maxima
560 2108 690 2175 Naxum
720 2111 872 2196 ferretur,
901 2112 959 2177 ubi
988 2115 1058 2177 tum
1089 2113 1343 2178 Atheniensium

164 2205 234 2265 erat
253 2200 428 2285 exercitus,
453 2200 555 2265 sensit
573 2198 824 2286 Themistocles,
849 2201 876 2265 si
896 2223 933 2265 eo
952 2201 1167 2287 pervenisset,
1187 2202 1251 2266 sibi
1271 2225 1343 2268 esse

162 2289 371 2374 pereundum.
417 2287 489 2354 Hac
511 2290 706 2354 necessitate
734 2293 866 2354 coactus
895 2289 1026 2354 domino
1054 2289 1162 2376 navis,
1191 2291 1264 2374 quis
1288 2292 1344 2377 sit,

128 2378 282 2464 reperit,
305 2379 410 2465 multa
432 2378 604 2462 pollicens,
628 2377 657 2442 si
680 2399 715 2443 se
735 2383 968 2443 conservasset.
1008 2377 1055 2443 At
1073 2379 1143 2464 ille,
1168 2379 1344 2446 clarissimi

164 2467 225 2531 viri
249 2471 363 2551 eaptus
387 2466 624 2551 misericordia,
652 2466 737 2530 diem
760 2471 952 2550 noctemque
975 2468 1088 2551 procul
1111 2468 1153 2532 ab
1176 2467 1285 2533 insula
1308 2470 1344 2534 in

200 2693 298 2748 endas
323 2692 384 2746 lose
407 2691 458 2745 auf
479 2690 533 2745 wie
555 2693 681 2762 abreptos
703 2694 724 2760 Ι,
814 2699 949 2762 receptam
977 2693 1036 2749 lose
1062 2694 1113 2748 auf
1137 2693 1190 2749 wie
1215 2697 1344 2766 abreptos

163 2771 189 2830 4,
204 2769 230 2818 2.
266 2763 378 2817 Ebenso
398 2767 444 2828 §4
461 2768 605 2832 receptam.
779 2765 803 2833 Ι,
824 2771 849 2833 4,
861 2771 886 2818 2.
1053 2769 1055 2773 '

199 2844 302 2913 Arpos,
320 2840 366 2895 die
381 2841 465 2896 Stadt
478 2840 561 2896 hena
573 2841 725 2898 lateinisch
815 2836 982 2916 caerimonia
999 2831 1234 2917 ‘Felerliehkeirt

165 2913 308 2968 entweder
339 2915 429 2984 Arpos
465 2913 587 2982 (generis
623 2912 723 2984 neutri,
813 2909 846 2962 ia
863 2908 943 2975 fidem
962 2904 1004 2959 ‘m
1023 2923 1120 2991 semen
1139 2905 1260 2964 Schutz'.
1318 2979 1324 2990 ι

163 3002 217 3040 nur
241 2983 281 3038 im
303 2983 385 3039 Nom.
404 3001 431 3040 u.
450 2983 550 3040 Accua.
569 2985 725 3055 gebrauch-
814 2996 896 3048 qaam
931 2984 1069 3048 praestetit
1082 2980 1152 3060 =,et
1180 2995 1255 3047 eam,
1288 2997 1343 3035 me

163 3055 233 3128 Iich)
257 3057 326 3110 oder
343 3058 428 3127 Arpi,
452 3073 539 3113 mam.
559 3087 592 3098 —
617 3059 724 3114 rubra
779 3053 932 3115 antenor
953 3051 1073 3104 Wl=0l
1092 3065 1127 3103 01·

163 3135 222 3184 lum
240 3128 347 3183 W010h⁰
365 3127 467 3183 Form?
813 3143 839 3219 b.
861 3139 973 3209 publice
986 3135 1039 3191 ‘im
1056 3133 1178 3192 Namen'
1195 3136 1344 3193 oder‘von

199 3222 225 3272 2.
261 3218 375 3272 anates
391 3212 591 3284 ‘Verdienste’,
620 3215 667 3272 die
695 3233 726 3271 er
779 3210 871 3263 serten
894 3209 943 3263 des
968 3207 1094 3266 Staates'.
1119 3240 1152 3249 —
1184 3211 1344 3279 monuitque

164 3287 225 3342 sich
239 3305 287 3340 um
301 3286 391 3356 Argos
406 3287 559 3342 erworben.
577 3319 609 3327 -
623 3305 726 3358 mopere
779 3276 925 3347 ‘sondcrn',
946 3298 967 3335 s.
983 3297 1017 3332 au
1035 3280 1141 3348 XVIII,
1158 3287 1184 3348 4,
1195 3287 1220 3335 3.
1236 3313 1269 3321 -
1288 3282 1343 3349 dif-

164 3374 226 3412 cam
248 3359 383 3427 deportate
408 3355 582 3427 (Ansehn'),
607 3375 628 3413 s.
647 3376 680 3412 zu
703 3359 725 3427 I,
778 3351 849 3434 {talc
867 3367 934 3416 esse,
957 3367 1058 3406 wovon
1081 3351 1243 3421 abhangig?
1267 3370 1288 3406 s.
1308 3369 1343 3406 au

164 3434 219 3494 7‚4
243 3444 345 3498 maone
369 3444 430 3482 cam
452 3429 598 3496 effossione
617 3430 725 3486 aarum.
778 3427 887 3492 incepta
901 3438 1035 3491 prospera
1051 3423 1150 3490 futuro
1169 3422 1194 3488 1,
1215 3430 1274 3489 1‚3.

198 3533 247 3571 ,ex
272 3515 367 3570 pem,
394 3515 473 3583 (Gen,
502 3517 545 3587 ae)
577 3519 648 3571 sta„
675 3519 725 3573 de,
810 3494 982 3563 propterque,
1005 3510 1075 3547 wem
1094 3493 1188 3547 nahe?
1224 3495 1272 3561 ta,
1296 3493 1343 3548 die

163 3586 410 3656 gewahnficheren
436 3604 486 3643 ,a
512 3588 673 3655 p,„„,„„„,
703 3607 724 3645 Β.
779 3562 960 3644 PrepositIon
976 3563 1029 3648 ,bei
1051 3566 1108 3620 loeo
1130 3566 1204 3618 trote
1223 3565 1273 3618 des
1292 3565 1342 3619 Aa

164 3676 199 3712 zu
219 3664 269 3725 1,2
288 3659 477 3714 Acarnanam.
779 3635 881 3688 lslbulfl
896 3651 1062 3705 Psopmwo·

199 3753 215 3802 3
261 3748 325 3803 Hoc
351 3749 465 3802 mmm
497 3766 510 3802 s
548 3766 582 3802 zu
612 3750 725 3805 mmm
813 3707 886 3774 qaod
904 3708 973 3760 satis
991 3712 1061 3788 essct·
1075 3707 1214 3776 praesidii
1231 3709 1344 3775 (wovon

122 3797 131 3815 .
163 3790 249 3874 Par-,o
267 3820 280 3872 I
313 3823 373 3872 81,
512 3791 518 3804 ·
779 3776 870 3846 ht'engt
892 3777 943 3831 der
968 3776 1083 3831 Gemtrv
1105 3779 1245 3847 praesidii
1267 3778 1343 3847 abl),

185 3862 338 3979 ,condrei
355 3897 420 3986 aas
437 3898 468 3951 a
487 3898 564 3983 einer
581 3898 725 3982 repuens
778 3847 1227 3974 iiiieieiiiiieriiieidiiiis
1248 3851 1344 3974 diwii

163 3968 410 4094 peohtl‘rflrlstfin·
431 4000 466 4094 ᾖ
487 3987 543 4095 os,
563 3986 655 4039 resen
678 3971 725 4026 <110
778 3989 952 4059 aerearung
974 3989 1020 4083 rar
1042 3989 1343 4085 lamentaretur.

206 4056 265 4109 8⁰⁷
285 4057 355 4094 W⁹⁰
378 4056 436 4094 0³²
483 4042 622 4110 mangi·
816 4076 840 4125 6.
872 4077 1038 4140 percenseret
1065 4088 1086 4126 s.
1106 4087 1139 4123 zu
1162 4072 1194 4126 ed
1216 4088 1241 4126 se
1263 4073 1343 4139 feces-

199 4119 584 4176 M⁰l⁰⁸⁸W⁸M⁰²⁰⁶⁸⁰mm·
778 4147 837 4196 scat
859 4141 885 4208 I,
906 4148 929 4210 1,
941 4148 965 4196 3.
1002 4141 1114 4196 Ebenso
1137 4140 1233 4211 gleich
1256 4142 1344 4197 nach·

199 4213 225 4262 4.
257 4209 289 4263 e'a
307 4210 466 4278 maerentia
486 4227 506 4263 s.
526 4227 560 4263 zu
578 4210 603 4277 Ι,
620 4216 643 4278 7,
660 4217 685 4266 6.
779 4212 830 4266 her
849 4219 1038 4268 romanamet.

199 4303 252 4355 quo
274 4286 327 4341 wie
350 4290 375 4355 Ι,
401 4296 425 4358 6,
442 4296 464 4344 1.
490 4321 523 4330 -
545 4291 641 4360 resipio
664 4289 726 4345 hier
816 4296 840 4345 7.
864 4292 1024 4360 clarissimi,
1044 4291 1099 4346 den
1114 4292 1165 4348 lat.
1181 4292 1345 4363 Superlativ

163 4355 487 4430 ‘Gowissenhaftigkeit'
500 4377 550 4415 uus
565 4360 657 4416 Scheu
675 4378 726 4416 vor
778 4362 922 4416 ubersetzt
939 4379 1005 4416 man
1022 4362 1063 4416 im
1076 4362 1109 4418 D.
1123 4362 1166 4418 oft
1183 4364 1275 4420 durch
1289 4366 1346 4420 den

164 4427 220 4482 den
239 4427 365 4487 Gottem.
778 4431 888 4487 Positiv
905 4432 959 4488 mit
977 4430 1024 4489 ‘so'
1043 4433 1201 4506 (Elativus).
