2790 4882
721 141 736 172 Ι

140 236 183 303 54
432 231 506 285 Vlll.
536 228 812 284 THRASYBULUS.
851 228 929 282 CAP.
949 236 974 282 2.
995 238 1019 284 3.

105 411 237 482 squam
267 395 466 482 pugnabant.
517 393 603 458 Hinc
635 395 668 458 in
700 393 848 458 Piraeum
881 392 1012 478 transiit
1041 392 1322 480 Munychiamque

141 485 288 551 munivit.
333 483 426 548 Hanc
453 483 504 547 bis
533 483 664 567 tyranni
693 501 882 567 oppugnare
910 485 988 545 sunt
1015 481 1122 546 adorti
1150 482 1191 546 ab
1216 504 1323 568 eaque

140 573 281 658 turpiter
312 573 436 656 repulsi
473 572 622 657 protinus
660 572 694 635 in
726 571 839 635 urbem
872 570 972 634 armis
1010 569 1323 657 impedimentisque

106 661 269 727 semissis
302 662 501 745 refugerunt.
552 659 638 726 Usus
670 664 721 724 est
750 658 973 743 Thrasybulus
1006 657 1071 724 non
1101 659 1208 725 minus
1241 684 1322 746 pru-

140 751 251 817 dentia
274 773 373 836 quam
390 749 592 814 fortitudine.
633 747 721 814 Nam
740 747 889 812 cedentes
908 747 1026 813 violari
1044 749 1150 813 vetuit
1168 784 1212 794 —
1231 749 1323 815 cives

140 839 228 906 enim
251 839 377 905 civibus
396 860 528 924 parcere
548 860 687 922 aequum
706 837 859 901 censebat
876 872 929 921 -—,
952 858 1056 921 neque
1076 838 1249 921 quisquam
1271 844 1323 904 est

139 929 341 1012 vulneratus,
365 927 430 992 nisi
454 927 509 1011 qui
532 927 622 1011 prior
645 927 838 1012 impugnare
861 925 974 990 voluit.
1021 925 1194 991 Neminem
1212 927 1323 993 iacen-

139 1024 206 1083 tem
234 1019 325 1082 veste
354 1015 520 1102 spoliavit,
548 1015 606 1088 nil,
624 1014 737 1101 attigit
759 1015 823 1079 nisi
847 1037 951 1099 arma,
980 1035 1117 1098 quorum
1141 1015 1323 1102 indigebat,

105 1119 286 1192 aquaeque
320 1105 359 1170 ad
390 1106 512 1172 victum
531 1104 757 1189 pertinebant.
802 1102 841 1168 In
872 1104 1011 1168 secundo
1044 1104 1170 1188 proelio
1203 1105 1323 1171 cecidit

141 1194 276 1280 Oritias,
294 1194 359 1258 dux
378 1198 603 1280 tyrannorum,
622 1215 694 1258 cum
714 1192 845 1277 quidem
865 1193 1060 1258 exadversus
1075 1191 1322 1278 Thrasybulum

140 1284 318 1349 fortissime
341 1287 512 1367 pugnaret.

230 1390 259 1456 3.
291 1388 364 1455 Hoc
388 1388 511 1454 deiecto
530 1388 709 1455 Pausanias
733 1389 824 1454 venit
841 1388 962 1453 Atticis
987 1389 1121 1472 auxilio,
1144 1412 1201 1455 rex
1218 1389 1322 1456 Lace-

141 1479 392 1545 daemoniorum.
438 1477 471 1541 Is
493 1478 580 1543 inter
599 1478 839 1563 Thrasybulum
863 1483 895 1542 et
920 1499 989 1562 eos,
1012 1479 1068 1562 qui
1091 1479 1205 1544 urbem
1228 1482 1322 1545 tane-

86 1570 234 1654 roabant,
269 1567 349 1633 fecit
381 1589 493 1650 pacem
526 1567 578 1632 his
611 1566 869 1633 condicionibus:
903 1588 944 1631 nc
977 1567 1033 1651 qui
1063 1570 1195 1652 praeter
1226 1567 1321 1633 XXX

140 1662 296 1742 tyrannos
325 1661 358 1721 et
385 1655 430 1741 X,
462 1655 518 1740 qui
548 1659 663 1740 postea
693 1664 859 1740 praetores
893 1657 993 1720 creati
1024 1657 1199 1740 superioris
1230 1679 1323 1723 more

141 1746 343 1812 crudelitatis
368 1750 462 1811 erant
484 1746 550 1830 usi,
572 1745 780 1811 afficerentur
803 1744 933 1830 exsilio,
960 1766 1040 1811 neve
1063 1745 1149 1811 bona
1172 1746 1322 1829 publica-

105 1849 120 1896 r
140 1841 265 1921 rantur;
287 1836 335 1900 rei
354 1834 505 1919 publicae
523 1834 710 1917 procuratio
734 1834 855 1919 populo
874 1833 1070 1900 redderetur.
1112 1834 1323 1901 Praeclarum

140 1925 203 1989 hoc
231 1944 360 2008 quoque
388 1922 598 2007 Thrasybuli,
632 1923 718 2007 quod
751 1922 960 1988 reconciliata
991 1945 1085 2008 pace,
1117 1945 1190 1988 cum
1219 1925 1323 2009 pluri-

141 2034 230 2077 mum
257 2011 292 2076 in
321 2010 455 2076 civitate
482 2014 608 2096 posset,
639 2012 748 2096 legem
775 2012 865 2097 tulit,
898 2033 938 2076 ne
967 2013 1039 2096 quis
1068 2015 1143 2078 ante
1172 2016 1322 2079 actarum

140 2122 250 2166 rerum
282 2103 489 2165 accusaretur
525 2122 605 2165 neve
638 2101 846 2182 multaretur3
885 2123 1019 2185 eamque
1055 2101 1106 2165 illi
1143 2101 1322 2168 oblivionis

104 2206 120 2254 3
141 2190 356 2276 appellarunt.
402 2189 517 2274 Neque
540 2211 616 2254 vero
640 2189 724 2255 hanc
746 2193 877 2255 tantum
904 2189 1071 2255 ferendam
1094 2189 1233 2276 curavit,
1263 2194 1323 2258 sed

140 2281 254 2365 etiam,
278 2283 316 2343 ut
334 2279 471 2365 valeret,
495 2279 609 2344 effecit.
651 2278 739 2344 Nam
758 2301 829 2343 cum
851 2279 981 2363 quidam
1006 2279 1117 2362 exiis,
1141 2280 1197 2364 qui
1221 2280 1323 2347 simul

140 2390 213 2435 cum
237 2391 275 2434 eo
298 2369 333 2432 in
357 2367 472 2433 exsilio
495 2368 635 2452 fuerant,
663 2367 793 2432 caedem
816 2368 921 2434 facere
945 2390 1056 2433 eorum
1080 2368 1217 2453 vellent,
1246 2391 1322 2434 cum

141 2457 258 2542 quibus
281 2458 315 2522 in
334 2457 475 2543 gratiam
495 2457 637 2522 reditum
662 2461 732 2523 crat
754 2457 899 2543 publice,
922 2457 1092 2542 prohibuit
1110 2461 1144 2523 et
1162 2457 1209 2542 id,
1234 2460 1322 2542 quod

140 2546 308 2630 pollicitus
332 2549 415 2629 erat,
439 2546 613 2630 praestitit.

136 2703 315 2790 payaobopt,
340 2700 379 2754 im
402 2701 435 2754 D.
455 2701 522 2772 fuge
546 2699 630 2755 hinnu
645 2698 704 2756 ‘fur
757 2702 845 2757 haber
864 2701 1021 2773 eingesatzt
1039 2704 1217 2786 wurdem—
1241 2721 1321 2775 sape-

141 2773 289 2828 dreselbe.
757 2775 854 2842 riores,
885 2775 971 2829 naml.
1001 2774 1050 2829 der
1077 2774 1208 2846 Dre1ss1g3
1241 2785 1322 2833 cram

176 2858 201 2907 ὁ.
229 2853 307 2919 hnic,
326 2869 383 2907 von
401 2852 498 2922 Phyle.
757 2847 803 2922 nsi
816 2840 940 2916 ‘gerorgs
957 2841 1073 2913 waren’‚
1094 2863 1115 2900 s.
1132 2864 1166 2901 zu
1184 2847 1210 2916 I,
1230 2853 1255 2915 8,
1267 2854 1292 2903 3.

175 2926 210 2979 ab
234 2940 317 2994 coque
338 2923 485 2979 ubersetze
508 2925 581 2979 nach
604 2926 702 2996 panci-
786 2933 826 2998 ,ne
848 2918 897 2986 qai
920 2949 954 2957 —
975 2919 1187 2988 publicarentur
1215 2918 1321 2974 ebenso

140 3012 191 3065 quc
210 3002 234 3064 1,
245 3001 270 3050 2.
758 3005 815 3070 ιιζιθΙ
829 2995 874 3070 §2
893 3005 927 3044 ac
945 2991 1008 3079 pute
1022 3021 1056 3030 —
1069 2990 1234 3078 multaretur
1252 2989 1320 3045 Pro·

176 3081 201 3129 6,
234 3075 304 3131 Um
322 3082 360 3132 yyy
384 3094 405 3131 Β,
424 3077 502 3143 aul,
522 3081 582 3145 gg
756 3059 936 3114 hrbrtrvsatze
968 3060 1101 3115 memand
1127 3061 1232 3127 sollte3
1260 3064 1321 3117 red-

171 3148 338 3218 prndcntio,
361 3143 461 3220 ‘lrluge
494 3144 703 3218 Bersohuung’;
757 3132 865 3186 demur
883 3131 1012 3201 dassessen
1031 3131 1077 3185 ein
1093 3131 1194 3186 Befehl
1213 3131 1265 3186 wie
1285 3135 1320 3201 Π,

141 3235 170 3272 er
197 3219 294 3274 wollte
327 3218 367 3274 sie
398 3219 481 3274 nicht
513 3237 576 3273 zum
602 3217 702 3274 tuller-
758 3208 809 3270 ⁶25
828 3217 897 3272 ΟΜ
913 3204 1042 3271 famem·

140 3293 215 3357 sten,
230 3288 629 3345 rerzweifeltenWiderstand
643 3289 702 3345 auf·
793 3278 818 3328 2·
845 3273 908 3342 ΜΘ,
926 3272 1010 3327 ΠῆΠῙῙ·
1028 3274 1084 3354 ‚110ss
1102 3273 1218 3356 factum·

141 3360 277 3414 stacheln.
793 3346 874 3415 legem
896 3345 981 3412 ferre,
1010 3345 1125 3414 ergentl.
1149 3363 1196 3400 ern
1220 3345 1321 3402 Gesetz

171 3432 253 3511 mor
267 3427 385 3499 ‘myos'
413 3431 465 3485 eho
489 3447 518 3485 01
542 3431 631 3486 gelbes
654 3449 702 3487 an.
756 3431 809 3470 ror
823 3414 1177 3488 dieVolhsversammlnng
1191 3416 1320 3487 bringeri¹

139 3499 278 3571 gegnffen
291 3500 399 3568 vaurde,
419 3519 440 3554 s.
456 3519 489 3554 au
499 3504 630 3573 princeps
645 3511 668 3571 1,
678 3509 702 3558 5.
759 3487 834 3541 (lanu
848 3481 907 3541 ‘ein
926 3485 959 3541 G·
978 3482 1091 3556 geben'·
1292 3560 1297 3571 Ι

175 3582 307 3636 samem
321 3576 522 3636 ‘Gefapenenfi
793 3563 999 3614 antennarum
1022 3575 1127 3627 reram,
1151 3560 1202 3614 der
1226 3559 1320 3615 Genrt.

757 3629 796 3683 ist
813 3628 1006 3699 zeugmatisch
1030 3629 1102 3685 auch
1125 3630 1177 3684 auf
1192 3634 1321 3688 multare·

756 3706 804 3756 tor
822 3718 856 3754 au
875 3700 1017 3756 baaiehen.

390 3821 396 3834 ,
792 3773 850 3840 illi,
879 3771 925 3827 die
948 3772 1086 3842 Athener,
1113 3773 1167 3828 wie
1196 3774 1246 3828 der
1270 3775 1321 3830 Zu-

176 3823 339 3878 ammaus
361 3839 415 3877 ΜΘ
438 3823 477 3891 11,
497 3829 554 3891 ³24
575 3823 702 3880 Μω-
758 3844 1056 3913 ammentanglehrt:
1071 3847 1321 3913 atrismanus.

137 3910 200 3949 sum
218 3894 347 3950 Alma&
757 3916 858 3988 legem.
888 3915 999 3986 Wegen
1018 3917 1067 3972 der
1085 3905 1280 3987 llbersetzung
1299 3937 1320 3972 s.

176 3982 205 4038 8.
241 3990 266 4037 1.
293 3983 357 4038 Hoc
378 3984 477 4040 dacels
492 3980 577 4040 ‘nach
601 3984 702 4041 dassen
756 4004 790 4040 zu
808 3987 873 4055 VII,
898 3993 954 4054 ὁ,3
979 3994 1074 4044 contro
1093 3989 1322 4044 Landacmonio-

141 4048 244 4135 Stnrz’.
264 4085 298 4095 -
316 4054 406 4110 Attici
427 4055 585 4126 gebraucht
602 4056 638 4111 N.
657 4075 701 4113 au·
756 4075 827 4114 ram.
873 4058 1038 4114 Griechisch
1065 4057 1148 4132 heiltt
1173 4060 1320 4115 A'mnestie

139 4125 242 4179 werlen
260 4127 331 4180 statt
349 4126 544 4187 Athenienses.
757 4124 854 4198 ἄδεια,
883 4132 941 4184 eret
967 4133 1063 4200 spatar
1091 4125 1230 4200 ἀμνηστία
1259 4132 1320 4202 (ob-

175 4197 276 4265 dcccm,
299 4198 373 4252 nach
392 4198 455 4253 dem
476 4198 554 4254 Tode
573 4199 622 4255 des
641 4199 703 4254 Kri-
756 4199 846 4270 livio).

138 4265 195 4320 tias
213 4284 309 4323 waren
327 4268 374 4324 die
387 4269 508 4341 iibrigen
522 4270 572 4325 der
585 4269 704 4342 Dreillig
793 4277 817 4326 3.
846 4288 908 4327 cam
926 4275 1025 4342 quibas
1044 4290 1064 4329 s.
1084 4291 1117 4328 zu
1136 4273 1160 4342 Ι,
1182 4281 1241 4340 aa.

139 4337 214 4419 nach
227 4337 338 4393 Eleusis
355 4341 496 4411 geflohen‚
511 4342 622 4396 worauf
634 4344 704 4397 statt
792 4343 910 4398 reditum
941 4350 1000 4400 erat
1024 4340 1101 4399 ‘man
1130 4341 1181 4413 -';
1210 4348 1321 4416 pzrlelicc

140 4408 216 4463 rhrer
243 4426 277 4463 zu
303 4409 397 4467 Athen
427 4419 459 4468 10
485 4428 556 4468 neue
581 4412 702 4469 Gewalt
757 4412 811 4468 wie
831 4414 869 4482 ΙΙ,
889 4421 914 4482 8,
926 4421 950 4472 t.

176 3661 219 3716 nal
227 3687 254 3707 =
263 3659 344 3716 nihil.
360 3650 403 3702 -l
413 3679 532 3733 paceque
541 3688 568 3708 =
578 3664 607 3717 et
621 3680 701 3732 quae.

177 3748 201 3797 7.
230 3743 337 3812 quim
358 3741 452 3798 ubere.
468 3741 522 3796 wie
546 3743 619 3798 oben
642 3749 657 3807 ς
677 3749 702 3798 2.
