2768 4882
401 269 474 325 xru.
504 240 686 324 caranus.
724 267 802 324 oar.
822 275 847 325 a.
867 276 892 326 a.
1194 275 1234 341 81

55 433 306 520 opprimendum
339 435 580 498 consenserunt.
633 431 724 496 Haec
756 431 953 515 Pandantes,
994 454 1093 518 gazae
1125 439 1272 499 custose

54 523 180 610 regiae,
208 524 330 588 amicus
353 521 501 606 Datami,
528 522 708 606 perscripta
737 522 766 585 ei
790 522 908 606 mitt't,
934 522 969 586 in
997 522 1114 607 quibus
1143 522 1237 589 docet

56 635 132 678 eum
160 632 280 697 magno
309 611 377 676 fore
405 610 563 696 periculo,
593 610 618 674 si
645 610 722 694 quid
750 610 807 675 illo
837 610 1018 695 imperante
1047 612 1175 677 adversi
1202 613 1237 677 in

58 703 212 786 Aegypto
236 700 416 766 accidisset.
458 697 608 783 Namque
628 721 700 764 eam
720 721 791 765 esse
811 700 1076 765 consuetudinem
1100 701 1236 786 regiam,
1255 714 1273 761 4

55 794 94 854 ut
113 812 207 855 casus
227 790 381 854 adversos
399 787 587 852 hominibus
606 789 766 873 tribuant,
790 789 947 854 secundos
971 789 1121 855 fortunae
1145 811 1237 874 suae,

55 900 121 965 quo
145 879 229 964 fieri,
256 881 295 943 ut
317 877 412 942 facile
440 876 654 961 impellantur
681 877 722 941 ad
745 899 857 942 eorum
879 878 1072 963 perniciem,
1099 901 1237 964 quorum

55 969 155 1033 ductu
182 989 235 1032 res
258 967 343 1032 male
373 970 485 1051 gestae
514 965 713 1031 nuntientur.
759 966 857 1031 Illum
881 967 943 1031 hoc
967 966 1088 1032 maiore
1111 968 1180 1033 fore
1203 968 1237 1032 in

54 1055 257 1141 discrimine,
290 1056 391 1140 quod,
424 1054 540 1140 quibus
572 1077 628 1120 rex
659 1054 799 1119 maxime
830 1055 997 1140 oboediat,
1031 1078 1086 1121 eos
1116 1057 1238 1122 habeat

55 1145 309 1211 inimicissimos.
350 1143 485 1208 Talibus
504 1143 562 1209 ille
581 1143 701 1209 litteris
720 1144 877 1229 cognitis,
900 1166 973 1209 cum
993 1145 1059 1210 iam
1083 1143 1124 1209 ad
1148 1169 1237 1212 exer·
1258 1158 1273 1205 5

54 1235 159 1300 citum
178 1235 269 1300 Acen
292 1233 450 1316 venisset,
474 1232 559 1317 quod
582 1254 649 1297 non
672 1232 846 1318 ignorabat
869 1255 907 1298 ea
925 1256 1001 1300 vere
1024 1235 1161 1320 scripta,
1184 1236 1237 1300 de·

55 1322 192 1389 sciscere
212 1346 232 1388 a
249 1342 328 1408 rege
346 1321 525 1386 constituit.
568 1319 681 1406 Neque
706 1326 815 1386 tamen
839 1322 1013 1407 quicquam
1035 1322 1128 1406 feeit,
1152 1323 1238 1408 quod

54 1412 121 1478 fide
150 1433 210 1477 sua
239 1414 325 1476 esset
358 1411 536 1496 indignum.
581 1409 668 1475 Nam
696 1409 904 1476 Mandroclen
932 1410 1118 1497 Magnitem
1149 1434 1238 1478 exer·

54 1501 136 1567 citui
163 1500 335 1585 praefecit,
367 1501 436 1584 ipse
465 1521 537 1564 cum
567 1498 634 1563 suis
663 1498 698 1562 in
727 1496 967 1584 Cappadociam
996 1499 1134 1565 discedit
1163 1522 1237 1568 oon-

56 1591 265 1674 iunctamque
287 1587 364 1653 huic
383 1587 643 1671 Paphlagoniam
663 1592 814 1673 occupat,
837 1589 961 1674 celans,
985 1611 1048 1674 qua
1067 1589 1237 1655 voluntate

56 1683 145 1746 esset
168 1679 203 1743 in
225 1699 346 1763 regem.
393 1675 487 1742 Clam
511 1698 584 1741 cum
605 1675 827 1742 Ariobarzane
850 1677 931 1743 facit
954 1677 1146 1763 amicitiam,
1169 1702 1237 1743 ma·
1257 1692 1273 1740 6

54 1790 135 1832 num
159 1772 342 1852 comparat,
365 1766 461 1831 urbes
486 1765 629 1830 munitas
654 1765 721 1830 suis
746 1766 883 1832 tuendas
907 1767 1016 1832 tradit

147 1875 177 1940 6.
207 1872 269 1940 Sed
287 1874 369 1938 haec
387 1874 520 1957 propter
538 1871 678 1937 hiemale
699 1875 830 1957 tempus
854 1873 962 1938 minus
986 1895 1141 1960 prospere
1165 1896 1238 1961 pro·

56 1963 224 2029 cedebant.
270 1962 373 2027 Audit
395 1961 523 2026 Pisidas
552 1961 710 2046 quosdam
742 1962 851 2047 copias
876 1963 1031 2028 adversus
1055 1985 1090 2028 se
1113 1986 1239 2049 parare.

59 2051 181 2116 Filium
205 2073 243 2117 eo
264 2051 437 2116 Arsideum
461 2072 533 2115 cum
553 2049 698 2115 exercitu
716 2051 835 2116 mittit:
860 2052 947 2117 cadit
966 2052 1001 2116 in
1019 2053 1143 2136 proelio
1164 2053 1240 2118 adu·

56 2143 193 2206 lescens.
243 2140 463 2205 Proficiscitur
495 2161 532 2204 eo
565 2144 660 2223 pater
695 2161 761 2204 non
793 2140 841 2205 ita
873 2162 947 2204 cum
979 2161 1100 2226 magna
1132 2164 1239 2226 manu,

57 2231 181 2314 celans,
205 2233 362 2315 quantum
381 2229 498 2293 vulnus
519 2227 710 2313 accepisset,
734 2229 819 2313 quod
838 2229 929 2313 prius
949 2229 990 2294 ad
1012 2230 1143 2295 hostem
1165 2251 1237 2315 per-

59 2320 170 2384 venire
199 2318 364 2404 cupiebat,
393 2339 490 2403 quam
520 2316 559 2381 de
587 2316 672 2380 male
700 2338 735 2380 re
763 2321 857 2402 gesta
884 2317 971 2381 fama
1000 2317 1041 2381 ad
1069 2340 1145 2383 suos
1168 2340 1239 2402 per-

57 2408 199 2493 veniret,
229 2430 269 2473 ne
297 2406 430 2492 cognita
456 2405 517 2470 filii
545 2409 650 2469 morte
680 2405 782 2470 animi
810 2405 1060 2471 debilitarentur
1087 2407 1239 2472 militum.

57 2497 131 2573 Quo
155 2496 380 2581 contenderat,
408 2495 558 2578 pervenit
581 2494 686 2578 iisque
710 2494 791 2559 locis
815 2499 923 2559 castra
946 2492 1052 2581 p‘onit,
1076 2500 1114 2560 ut
1136 2507 1275 2582 nequet

58 2586 224 2651 circumiri
261 2585 472 2650 multitudine
505 2582 765 2648 adversariorum
800 2589 911 2669 posset
942 2606 1046 2669 neque
1080 2585 1240 2672 impediri,

59 2696 125 2759 quo
155 2675 262 2740 minus
293 2675 364 2759 ipse
394 2674 435 2739 ad
466 2672 685 2738 dimicandum
718 2696 851 2738 manum
880 2673 1016 2740 haberet
1046 2675 1240 2759 expeditam.

58 2763 142 2829 Erat
166 2785 238 2829 cum
262 2785 300 2828 eo
323 2762 619 2845 Mithrobarzanes,
647 2782 738 2827 socer
761 2763 845 2848 eius,
872 2764 1054 2848 praefectus
1083 2764 1238 2848 equitum.
1258 2775 1274 2821 3

96 2963 121 3010 3.
141 2955 219 3010 Haec
228 2957 383 3025 perscrIpta
397 2956 496 3021 mittit,
513 2951 625 3007 sehiekt
715 2959 739 3008 5.
761 2954 874 3008 Talibus
893 2972 913 3007 s.
926 2972 959 3007 au
973 2955 1010 3022 ΙΙ,
1027 2960 1085 3022 2,8.
1101 2988 1134 2996 -
1150 2958 1240 3027 capai-

60 3026 122 3081 dies
155 3026 400 3096 ausgeschrieben‚
434 3026 462 3080 d.
485 3025 512 3080 h.
528 3019 625 3078 ‘einen
678 3027 718 3080 tic
732 3024 786 3079 ule
804 3024 855 3090 VI,
875 3031 900 3091 4,
912 3031 936 3079 3.

61 3097 176 3151 Berieht
194 3096 346 3153 hiertiber’.
365 3129 400 3138 -
419 3096 550 3162 Datami,
570 3095 622 3147 Ge·
713 3112 771 3150 aaa
793 3097 939 3167 iquorabat
964 3113 984 3150 s.
1004 3113 1037 3148 zu
1060 3112 1145 3164 nepae
1163 3098 1239 3168 ipae·

58 3169 111 3224 nit.
127 3167 180 3222 wie
199 3169 298 3224 Neocli
315 3169 353 3236 Π,
376 3175 398 3237 1,
411 3175 434 3222 1.
677 3183 744 3221 raas
762 3167 827 3233 Vll,
847 3172 908 3234 4,1.

64 3261 68 3269 ·
96 3249 245 3317 inquitas
270 3267 291 3304 s.
311 3267 344 3302 zu
362 3249 414 3314 VI,
434 3253 485 3315 3,5
509 3249 541 3301 ia
559 3248 621 3315 qua.
712 3240 784 3307 qaod
802 3245 868 3292 esset
885 3238 1032 3309 iudiearem
1051 3256 1071 3291 s.
1090 3255 1123 3291 au
1142 3239 1167 3306 I,
1187 3245 1240 3306 8,4

96 3345 195 3399 mapao
208 3329 267 3396 sore
279 3329 403 3398 periculo
422 3346 443 3382 s.
459 3345 492 3380 au
506 3327 543 3394 X,
561 3332 622 3392 2,4.
677 3312 723 3364 Μ
737 3315 850 3393 ΝΜ
966 3381 971 3392 ,
1009 3377 1016 3396 ,

96 3422 121 3471 4·
146 3433 205 3471 eam
220 3413 304 3472 ‘das'.
341 3417 443 3471 mech
462 3416 530 3470 aber
547 3419 622 3468 ware
713 3386 888 3436 coniunctam
920 3381 986 3435 haic
1022 3380 1238 3449 daraustollend,

59 3487 100 3540 im
119 3487 180 3541 Lat.
198 3487 229 3541 id
248 3505 309 3543 esse
329 3504 404 3543 eona.
424 3519 458 3528 -
482 3492 623 3542 consueta
677 3447 875 3521 angrenzend’·

59 3560 153 3614 dinem
179 3561 297 3630 sepiam,
329 3559 459 3615 veriahre
491 3556 544 3612 wie
575 3555 624 3610 bei
712 3525 851 3615 'mlum
870 3541 890 3578 ⁵·
907 3541 941 3576 ²¹¹
959 3523 996 3591 X’
1015 3530 1075 3590 ⁷²3·
1114 3605 1120 3615 ,

56 3631 196 3698 pem„
214 3648 294 3686 arma
312 3631 363 3698 XI,
384 3638 407 3699 1,
419 3638 444 3686 3.
481 3629 563 3682 Danu
582 3645 623 3681 er,
714 3609 738 3657 6.
763 3604 978 3671 Ariobarzanes,
997 3604 1138 3661 demine
1157 3612 1182 3672 2,
1194 3612 1218 3660 5.

61 3698 143 3770 g'iebt
169 3700 230 3755 sich
258 3703 332 3756 auch
363 3701 414 3755 das
444 3700 564 3769 Subjelrt
590 3716 623 3752 au
713 3691 743 3745 6·
769 3699 792 3746 1.
810 3693 889 3758 bace,
903 3690 949 3745 die
963 3692 1090 3747 zuEnde
1105 3692 1240 3747 desvori-

58 3773 195 3828 tribaaat,
216 3805 249 3813 -
267 3774 375 3828 Betone
393 3789 467 3828 suae.
678 3779 733 3832 gen
752 3763 822 3832 Kap.
842 3763 1006 3816 erwahnten
1024 3764 1197 3833 Rtistungen.

97 3869 150 3922 aaa
163 3855 238 3920 sieri,
257 3853 328 3906 tiber
344 3853 395 3907 den
409 3850 533 3905 Infinitiv
551 3851 624 3904 nach
713 3859 770 3898 aea
779 3844 820 3897 ita
834 3841 887 3895 wie
901 3843 977 3898 baad
990 3844 1031 3897 ita
1045 3860 1146 3914 mapaa
1155 3860 1241 3898 mauu

62 3923 155 3979 ciuem
173 3923 287 3978 Relativ
306 3941 327 3981 s.
343 3941 377 3977 au
395 3923 420 3990 I,
440 3930 465 3990 3,
477 3928 500 3978 5.
680 3913 813 3968 Graeciae
827 3912 873 3980 IV,
891 3920 947 3978 1,2.
976 3913 1027 3967 Die
1043 3913 1173 3983 Stellung
1187 3914 1240 3968 wie

59 4070 80 4092 h
97 4019 213 4073 qum„
235 4005 320 4059 dm„
347 4003 449 4072 gehprp
476 4019 510 4055 ,u
537 4005 626 4071 pem,
678 3984 760 4118 XVI}
776 3991 827 4051 2,3
847 3987 1053 4118 tamXabsstepui
1070 3985 1159 4039 initia.

62 4075 145 4200 dirdteerr
155 4075 261 4201 vihhblie
275 4074 424 4214 Nigidii?
433 4070 625 4213 erdveg'lddd
714 4080 949 4199 ddhbdtevrbehiei
963 4105 1085 4197 ‘pn-den
1103 4139 1213 4200 Peind'.

60 4217 209 4343 ἕᾶἐαῖὶὲι
224 4234 306 4286 qaam
333 4233 361 4271 se
382 4217 542 4272 habitarum
569 4231 626 4270 aaa
707 4225 816 4350 &campa
832 4223 897 4348 pte4
911 4224 1016 4350 petbus
1044 4224 1168 4278 animum
1195 4242 1240 4280 ae-

98 4368 148 4423 boc
166 4331 291 4436 -aaod
310 4367 363 4422 wie
381 4367 459 4436 XIII,
479 4373 504 4435 4,
515 4373 540 4422 6.
680 4313 740 4430 cea.
763 4376 813 4442 its,
832 4338 859 4428 ds
874 4336 1020 4429 i'talibus.
1037 4403 1070 4414 -
1089 4375 1242 4444 expeditam

98 4448 237 4513 oboediat,
255 4446 318 4500 hier
332 4443 407 4503 ‘sein
426 4445 484 4501 Ohr
501 4444 598 4501 leihe’.
675 4441 919 4501 ‘bereitstehend’.

118 4556 193 4599 coau.
207 4555 297 4596 Nuros.
1012 4539 1030 4587 b
