2790 4882
441 251 541 305 XXIII.
568 250 768 307 HANNIBAL.
805 253 882 309 CAP.
901 259 926 310 2.
1207 256 1269 319 137

180 416 210 479 2.
250 413 350 500 Nam,
383 418 422 480 ut
451 415 601 480 omittam
628 414 832 501 Philippum,
864 438 960 500 quem
993 415 1109 480 absens
1141 413 1270 480 hostem

87 502 233 569 reddidit
260 503 431 588 Romanis,
465 504 608 569 omnium
636 505 676 568 iis
704 504 905 589 temporibus
938 503 1186 590 potentissimus
1214 527 1271 569 rex

89 592 273 658 Antiochus
292 592 369 657 fuit:
392 593 479 658 hune
497 597 592 658 tanta
614 594 792 678 cupiditate
814 594 958 659 incendit
980 592 1137 678 bellandi,
1161 597 1198 658 ut
1216 615 1270 658 us·

90 704 155 767 que
175 703 195 745 a
213 681 313 745 rubro
336 682 421 746 mari
444 704 536 747 arma
559 686 694 748 conatus
719 683 762 747 ait
783 682 903 748 inferre
926 682 1052 747 Italiae.
1098 681 1151 746 Ad
1174 704 1270 766 quem
1290 696 1307 744 a

91 793 165 836 cum
190 770 294 854 legati
322 771 489 836 venissent
511 770 663 855 Romani,
692 773 747 856 qui
771 770 810 835 de
834 773 903 837 eius
927 771 1095 836 voluntate
1124 772 1271 856 explora-

89 861 165 925 rent
185 859 363 944 darentque
383 881 529 945 0peram,
551 859 695 926 consiliis
714 860 924 925 clandestinis
944 864 981 924 ut
998 859 1218 925 Hannibalem
1237 861 1271 924 in

91 947 312 1033 suspicionem
334 949 405 1032 regi
428 949 639 1034 adducerent,
662 953 820 1034 tanquam
843 950 884 1014 ab
905 949 986 1034 ipsis
1012 953 1182 1035 corruptus
1206 950 1271 1014 alia

92 1041 193 1122 atque
217 1039 315 1102 antea
337 1038 486 1123 sentiret,
509 1060 614 1122 neque
637 1037 817 1104 idfrustra
839 1038 1006 1123 fecissent,
1030 1038 1127 1123 idque
1146 1037 1271 1104 Hanni·

90 1127 147 1192 bal
177 1125 389 1211 comperisset
419 1149 517 1225 seque
546 1127 586 1192 ab
614 1126 825 1193 interioribus
856 1127 999 1193 consiliis
1029 1126 1197 1211 segregari
1225 1127 1272 1192 vi-

91 1216 209 1280 disset:
231 1218 379 1299 tempore
402 1214 478 1281 dato
503 1215 584 1280 adiit
606 1215 647 1280 ad
670 1237 780 1302 regem
805 1216 898 1301 eique
922 1238 994 1282 cum
1019 1216 1124 1282 multa
1147 1216 1309 1293 defidea

92 1326 154 1369 sua
178 1306 211 1368 et
234 1303 309 1369 odio
332 1303 367 1368 in
386 1303 552 1370 Romanos
576 1310 876 1390 commemorasset,
898 1305 962 1371 hoc
985 1299 1273 1370 adiunxic2⁸Pater

92 1387 209 1477 meus',
232 1392 354 1477 inquit,
368 1390 563 1479 ‘Hamilcar,
587 1394 724 1479 puerulo
743 1415 808 1479 me,
831 1397 944 1477 utpote
967 1415 1033 1459 non
1052 1394 1192 1479 amplius
1216 1415 1272 1459 no-

90 1504 167 1547 vem
192 1502 294 1546 annos
317 1486 410 1567 nato,
433 1482 469 1547 in
487 1482 682 1567 Hispaniam
705 1483 885 1567 imperator
907 1482 1113 1568 proficiscens
1133 1481 1271 1548 Cartha-

91 1571 169 1656 gine
188 1570 260 1635 Iovi
284 1571 409 1656 optimo
433 1572 575 1636 maximo
598 1571 725 1637 hostias
748 1571 940 1636 immolavit.
981 1571 1070 1648 Quae
1089 1571 1200 1637 divina
1219 1591 1310 1639 resa

93 1660 172 1725 dum
197 1658 441 1745 conficiebatur,
459 1659 633 1746 -quaesiuit
656 1683 676 1725 a
699 1682 764 1745 me,
792 1660 951 1725 vellemne
974 1681 1083 1726 secum
1106 1661 1140 1725 in
1164 1664 1272 1726 castra

91 1748 264 1834 proficisci.
316 1747 354 1813 Id
384 1770 457 1814 cum
487 1750 627 1815 libenter
659 1751 856 1834 accepissem
889 1753 988 1835 atque
1020 1749 1060 1813 ab
1094 1770 1131 1814 eo
1162 1753 1272 1832 petere

92 1837 287 1922 coepissem,
315 1860 355 1903 ne
379 1836 544 1906 dubitaret
568 1839 697 1923 ducere,
725 1843 795 1904 tum
818 1838 875 1902 ille
895 1832 1062 1923 ‘Faciam’,
1091 1837 1211 1923 inquit,
1230 1835 1272 1902 ‘si

92 1925 177 1991 mihi
199 1926 310 2010 fidem,
338 1948 436 2012 quam
463 1929 609 2013 postulo,
638 1921 779 1993 dederis?
829 1924 933 1992 Simul
961 1949 1011 1993 me
1036 1925 1191 1992 adaram
1216 1926 1271 1992 ad-

92 2014 199 2100 duxit,
232 2014 318 2099 apu'd
346 2038 444 2100 quam
473 2016 652 2083 sacrificare
679 2017 881 2101 instituerat,
915 2037 1051 2101 eamque
1079 2016 1195 2083 ceteris
1222 2038 1272 2081 re·

92 2104 193 2170 motis
222 2108 388 2170 tenentem
415 2105 522 2172 iurare
549 2106 658 2192 iussit,
689 2127 857 2190 nunquam
885 2127 936 2171 me
963 2105 1000 2170 in
1027 2104 1172 2170 amicitia
1199 2127 1273 2170 cum

129 2295 159 2352 2.
194 2302 217 2350 1.
242 2295 327 2351 Nam.
365 2295 400 2352 N.
423 2295 483 2351 will
510 2296 566 2352 den
592 2297 656 2352 Sata
745 2293 1272 2366 aeqrw,uiederholehierimD.‘da'.

90 2369 143 2437 qui
170 2397 205 2408 -
232 2384 375 2436 ameum
405 2369 537 2423 destitcm
563 2370 657 2424 animo
746 2368 880 2422 rhaeriora
912 2369 1028 2423 canalia
1055 2365 1192 2438 ‘gebeima
1220 2368 1273 2422 Be-

92 2439 193 2495 bellare
207 2455 269 2494 mun
281 2438 418 2494 Romanis
430 2439 607 2509 begrundem
627 2456 657 2493 er
710 2436 866 2508 ratuugen’.

91 2511 145 2564 hat
163 2508 210 2565 die
229 2508 308 2565 Reda
330 2509 416 2564 freier
438 2510 468 2563 iu
487 2509 556 2564 awai
575 2510 657 2565 Shtze
747 2516 771 2564 3.
799 2516 915 2579 tempore
937 2508 991 2564 wie
1010 2509 1075 2579 VII,
1094 2517 1146 2578 ΒΔ
1169 2516 1276 2580 ternpus

92 2581 266 2651 gegliedert,
282 2583 353 2635 statt
366 2589 440 2636 etue
452 2599 486 2635 zu
496 2579 658 2636 schreibeu:
711 2582 770 2636 aas
787 2582 984 2649 interficimcdi.

91 2654 170 2709 Nam
188 2653 369 2720 Antiochum,
387 2654 436 2722 qui
454 2684 488 2694 -
501 2654 657 2722 menthae
746 2653 838 2722 hrpait
858 2651 938 2707 fiihrt
954 2651 1089 2707 auweilen
1107 2652 1180 2707 auch
1199 2653 1274 2707 daun
1364 2656 1372 2668 “

91 2740 155 2780 mua
182 2739 231 2778 rea
256 2724 326 2791 fuit,
351 2754 384 2764 -
407 2725 536 2781 accendit.
565 2755 599 2769 -
625 2730 658 2780 at
712 2721 758 2778 die
777 2723 887 2778 direhte
906 2723 985 2779 Reda
1004 2723 1062 2792 ein,
1086 2741 1168 2778 weuu
1186 2724 1275 2779 achon

92 2796 218 2852 omittam
239 2796 318 2866 Pha.
335 2790 394 2848 ‘um
417 2794 499 2850 nicht
525 2813 581 2851 von
605 2795 656 2851 Ph.
711 2793 758 2849 ein
784 2794 910 2850 Verbum
941 2795 991 2850 des
1009 2795 1128 2864 dagans
1160 2811 1274 2850 vorans·

92 2883 127 2920 au
142 2866 241 2934 reden,
260 2865 423 2935 abgeschen
439 2883 494 2921 von
507 2863 568 2922 Pu!
592 2866 657 2920 Phi·
711 2881 861 2934 gegangen
878 2865 925 2920 ist.

91 2937 190 3008 lippus
207 2937 258 2992 der
270 2936 373 2992 Finita
391 2953 448 2992 von
461 2937 657 3005 Makedonien,
741 2938 860 3005 puerulo
875 2953 931 3004 me,
950 2935 1075 2991 dieselbe
1093 2937 1275 2992 Konstantia

92 3014 241 3065 rao-179
268 3026 294 3062 v.
319 3006 396 3075 chr,
424 3006 579 3063 Antiochus
608 3009 658 3062 der
711 3022 764 3076 quo
781 3008 849 3062 daec
867 3007 918 3076 ΙΙΙ,
939 3013 999 3074 2,2.

91 3079 188 3136 (troile
202 3095 259 3134 von
273 3077 384 3148 Syrien,
404 3085 558 3135 aaa-187.
591 3078 657 3133 Phi·
747 3078 848 3148 optimo
865 3080 985 3135 monimo
1004 3075 1092 3147 (dem
1108 3077 1275 3148 Allgdtigeu

40 3179 43 3185 ·
91 3151 155 3222 lipp
174 3149 270 3205 ifihrte
288 3151 357 3205 zwei
375 3149 479 3221 Kriege
500 3168 593 3221 gagen
611 3149 658 3205 die
712 3149 769 3202 und
792 3148 1040 3220 Allmhchtigen'),
1068 3148 1147 3204 dieee
1170 3149 1275 3204 beiden

91 3223 209 3290 itamar,
242 3227 388 3276 arr-205
418 3222 476 3276 und
504 3227 658 3279 200-195.
711 3218 856 3275 Attribute
877 3220 1003 3290 pflegten
1022 3237 1052 3274 so
1071 3220 1274 3276 unverbuudeu

92 3295 151 3350 Der
180 3291 269 3363 Krieg
301 3292 350 3347 des
378 3292 534 3348 Antiochus
566 3288 676 3364 gegen'
712 3291 777 3345 dem
812 3291 924 3361 Jupiter
964 3291 1012 3346 bei
1047 3290 1175 3347 Gebeteu
1216 3293 1275 3346 und

92 3364 243 3420 dieselben
261 3365 377 3419 dauerte
398 3371 551 3420 rea-189.
677 3417 679 3421 ,
713 3361 819 3432 Opfern
837 3361 983 3433 beigelegt
1000 3380 1034 3417 au
1052 3363 1174 3419 werden.
1205 3365 1275 3434 Iap-

129 3438 228 3492 abseas
245 3435 299 3490 wie
323 3435 396 3503 XIV,
417 3442 494 3505 10,2.
531 3436 584 3492 Boi
602 3436 658 3491 An·
707 3435 782 3504 pater
799 3433 863 3488 hier
880 3435 926 3489 fur
944 3435 999 3490 den
1014 3434 1145 3490 obersteu
1161 3435 1274 3505 phoniz.

91 3507 208 3563 tiochus
219 3504 358 3577 'dagegen
376 3524 435 3561 war
453 3524 482 3562 cr
500 3506 531 3562 iu
545 3507 660 3578 eigeuer
714 3503 783 3559 Gott
796 3500 900 3562 ‘Baal’.

91 3580 211 3635 Person.
748 3583 773 3631 4.
793 3577 904 3633 divinae
916 3572 1085 3648 rea‘heilige
1098 3575 1284 3649 Handlung’„

228 3667 247 3703 a
257 3644 314 3703 ‘bis
332 3665 388 3702 von
407 3680 441 3692 -
459 3646 521 3704 her'
534 3649 659 3705 bezeich·
714 3679 748 3688 -
761 3649 827 3703 dam
842 3651 1034 3718 conficiebatur
1048 3667 1069 3704 s.
1080 3666 1114 3703 zu
1128 3649 1201 3717 XXI,
1215 3657 1240 3717 2,
1249 3655 1274 3705 2.

92 3723 145 3778 net
179 3721 207 3776 ie
220 3719 304 3774 weita
319 3718 509 3790 Eutfernung‚
522 3737 579 3776 vou
592 3721 659 3776 wel·
748 3721 887 3776 dubitaret
909 3719 962 3774 wie
990 3719 1081 3787 XVII,
1104 3726 1160 3787 4,1
1183 3722 1275 3776 venire

94 3793 163 3849 cher
178 3794 266 3846 etwas
281 3791 408 3859 ausgeht.
419 3823 453 3834 —
465 3809 544 3847 arma
558 3794 660 3861 inferre
712 3808 747 3846 ne
764 3792 909 3847 dubitaret.
929 3822 964 3832 —
982 3791 1091 3858 decere,
1111 3789 1233 3859 Objeht?

92 3865 198 3921 Italiac
217 3881 239 3918 s.
253 3879 287 3916 zu
305 3861 396 3930 XXII,
416 3869 441 3931 4,
451 3869 477 3919 ι.
747 3863 828 3930 fidem
850 3861 903 3916 wie
922 3861 973 3930 VI,
994 3869 1017 3929 1,
1028 3867 1053 3916 5.
1090 3860 1200 3932 Wegeu
1224 3862 1274 3917 des

132 3942 157 3991 ι.
181 3937 214 3991 de
237 3935 296 3990 eius
317 3936 456 3990 volumtate
477 3935 659 4004 explorarent,
713 3931 764 3987 lut.
780 3935 868 3990 exact.
884 3950 904 3986 s.
920 3950 954 3987 zu
972 3932 1077 4002 11,a,4
1093 3934 1274 4002 eroadeptus.

93 4007 153 4077 vgl.
179 4005 219 4073 X,
247 4011 321 4074 10,2
349 4005 433 4061 haias
459 4006 491 4060 de
518 4011 602 4060 morte
628 4012 660 4062 at
748 4005 907 4059 instituerat
960 4001 1083 4059 ‘Austalt
1136 4003 1275 4074 getroffen

88 4079 190 4150 palam
205 4077 313 4145 factam
330 4083 369 4132 cst
393 4073 660 4146 (Erkundigungeu
712 4072 807 4142 hatte',
844 4074 907 4130 hier
938 4073 1028 4130 soviel
1059 4073 1112 4131 wie
1144 4083 1274 4145 coeperat,

94 4145 277 4218 einaiehen').
566 4153 568 4157 ’
713 4145 926 4216 vgl.V11‚s,a.

134 4221 257 4275 aanoldis
274 4214 472 4275 hier‘Rhuke'.
488 4249 521 4259 —
540 4225 572 4274 at
590 4219 658 4272 ahu·
747 4223 878 4273 boantem
909 4218 968 4272 lose
997 4218 1087 4272 durch
1113 4213 1191 4271 ‘und'
1218 4216 1275 4273 auf.

93 4291 156 4346 Iich
174 4290 290 4361 gestellt
308 4289 361 4345 wie
380 4290 454 4358 XIV,
475 4297 498 4358 1,
509 4297 534 4346 2.
712 4289 769 4343 Das
788 4288 927 4343 Aufassen
950 4289 999 4343 des
1018 4288 1112 4342 Altars
1132 4288 1200 4344 oder
1218 4288 1294 4363 Bil-¹

132 4363 232 4418 sentire
250 4362 307 4431 vgl.
324 4363 394 4417 idem
413 4363 564 4417 sentiebant
586 4360 658 4430 XVI,
713 4361 763 4415 des
778 4360 828 4415 der
838 4359 968 4415 Gottheit
982 4376 1039 4414 war
1052 4359 1099 4415 bei
1110 4359 1276 4416 feierliohen

93 4440 121 4502 2,
134 4440 159 4488 2.·
179 4466 212 4474 -
236 4433 294 4488 clia
312 4439 392 4502 atquc
414 4450 435 4486 s.
452 4451 487 4486 au
504 4432 578 4501 XIV,
598 4439 622 4501 3,
634 4439 659 4488 ὁ.
713 4430 914 4486 Eidschwiireu
932 4430 1119 4500 gewohnlich.
