2790 4882
412 261 514 318 XVIII.
542 261 725 320 EUMENES.
763 261 842 318 GAP.
862 268 886 319 9.
1178 270 1239 334 ll'l

56 425 231 510 pinquare.
278 421 485 489 Conveniunt
512 425 622 489 duces:
653 427 833 511 quaeritur,
861 426 940 510 quid
968 448 1050 512 opus
1075 427 1120 492 sit
1146 427 1242 493 facto.

56 513 304 598 Intellegebent
340 534 452 578 omnes
484 517 552 577 tam
587 514 734 579 celeriter
770 516 880 600 copias
912 515 1058 600 ipsorum
1095 516 1243 581 contrahi

56 625 126 668 non
156 624 267 688 posse,
295 622 394 685 quam
416 600 602 688 Antigonus
631 602 799 668 adfuturus
828 603 1008 670 videbatur.
1052 604 1116 670 Hic
1139 605 1277 669 omni-a

55 692 123 757 bus
147 691 368 756 titubantibus
399 695 432 754 et
458 690 618 755 derebus
642 691 778 757 summis
808 692 1056 778 desperantibus
1079 693 1242 759 Eumenes

56 780 127 865 ait,
153 781 182 845 si
210 778 410 846 celeritatem
439 780 542 844 velint
570 780 723 845 adhibere
752 785 785 845 et
813 781 976 866 imperata
1003 781 1122 868 facere,
1155 782 1242 867 quod

56 873 140 934 ante
168 891 234 934 nou
261 867 412 953 fecerint,
446 889 481 932 se
509 890 578 933 rem
610 869 844 953 expediturum.
894 868 981 935 Nam
1010 871 1096 955 quod
1129 871 1242 936 diebus

56 959 206 1042 quinque
234 957 341 1022 hostis
365 957 521 1022 transisse
544 961 670 1042 posset,
700 980 735 1023 se
759 959 960 1044 effecturum,
988 964 1112 1025 utnon
1134 960 1242 1024 minus

54 1046 202 1112 totidem
225 1046 351 1110 dierum
380 1045 487 1130 spatio
510 1046 742 1112 retardaretur.
788 1046 894 1124 Quare
918 1047 1139 1134 circumirent,
1167 1069 1242 1113 suas

56 1136 200 1220 quisque
224 1133 431 1200 contraheret
454 1135 573 1219 copias.
620 1135 671 1200 Ad
696 1135 856 1220 Antigoni
881 1140 990 1201 autem
1014 1136 1277 1202 refrenanduma

54 1226 221 1308 impetum
249 1223 315 1287 tale
345 1223 434 1308 capit
462 1224 643 1289 eonsilium.
690 1222 805 1290 Certos
829 1224 934 1291 mittit
956 1226 1106 1291 homines
1132 1226 1172 1290 ad
1195 1227 1242 1290 in·

54 1314 157 1378 fimos
186 1317 327 1396 montes,
360 1312 416 1396 qui
445 1311 532 1376 obvii
564 1316 657 1378 erant
688 1313 799 1378 itineri
830 1314 1106 1399 adversarIorum,
1138 1315 1244 1399 iisque

55 1402 235 1488 praecipit,
263 1405 300 1465 ut
326 1402 432 1485 prima
458 1406 567 1486 nocte,
596 1424 694 1486 quam
722 1402 883 1467 latissime
911 1403 1053 1488 possint,
1082 1403 1168 1488 ignis
1197 1405 1244 1467 fa-

56 1492 150 1556 ciant
187 1511 285 1574 quam
317 1490 492 1573 maximos,
529 1493 627 1574 atque
662 1490 723 1554 hos
756 1491 897 1555 secunda
933 1492 1048 1576 vigilia
1085 1492 1280 1576 minuente

56 1579 164 1645 tertia
186 1577 380 1662 perexiguos
403 1577 554 1657 reddant,
581 1581 619 1643 ut
643 1579 840 1644 adsimulata
868 1582 1049 1645 castrorum
1073 1584 1243 1645 consuetu·

57 1668 138 1733 dine
162 1667 379 1752 suspicionem
410 1667 546 1732 iniciant
573 1668 724 1732 hostibus
749 1668 790 1732 iis
814 1668 894 1733 locis
918 1690 988 1733 esse
1013 1673 1121 1734 castre
1143 1690 1182 1733 ac
1204 1669 1244 1734 de

57 1778 177 1822 eorum
209 1756 351 1820 adventu
384 1777 455 1821 esse
487 1756 767 1840 praenuntiatum3
803 1756 953 1841 idemque
985 1760 1117 1842 postera
1148 1762 1244 1823 nocte

55 1845 195 1911 faciant.
246 1845 370 1921 Quibus
398 1845 594 1930 imperatum
623 1849 708 1929 erat,
741 1845 917 1930 diligenter
948 1850 1160 1931 praeceptum
1191 1868 1243 1911 ou·

55 1939 146 2000 rant.
200 1933 388 2018 Antigonus
419 1933 564 1999 tenebris
601 1934 727 1999 obortis
760 1933 846 2019 ignis
884 1936 1105 2020 conspicatum
1142 1936 1279 2001 credito

56 2023 102 2088 de
132 2043 189 2087 suo
218 2023 358 2096 adventu
387 2044 458 2086 esse
486 2023 635 2088 auditum
665 2026 698 2088 et
726 2022 929 2088 adversarios
957 2025 1036 2089 illuc
1063 2046 1139 2089 suas
1170 2046 1243 2090 con·

56 2112 200 2178 traxisse
234 2111 353 2196 copias.
407 2111 516 2176 Mutat
549 2111 720 2176 consilium
753 2109 801 2196 et,
834 2112 988 2196 quoniam
1022 2114 1280 2196 imprudentesc

57 2200 185 2267 adoriri
206 2222 271 2265 nou
296 2204 424 2284 posset,
453 2200 555 2265 flectit
578 2200 643 2266 iter
665 2222 760 2265 suum
789 2201 939 2265 stillum
968 2201 1149 2267 anfractum
1173 2203 1243 2267 lon-

58 2289 187 2376 giorem
214 2290 366 2374 copiosae
393 2289 465 2353 viae
493 2288 597 2374 cepit,
625 2289 736 2374 ibique
765 2288 850 2354 diem
879 2311 979 2354 uuum
1008 2290 1176 2374 opperitur
1204 2290 1244 2355 ad

56 2378 292 2444 lassitudinem
327 2377 502 2442 sedandam
534 2377 676 2443 militum
709 2399 746 2443 ac
778 2378 951 2442 reficienda
983 2378 1142 2465 iumenta,
1179 2400 1243 2463 quo

56 2467 238 2554 integriore
261 2467 404 2531 exercitu
428 2467 626 2532 decerneret.
961 2504 966 2508 -

95 2659 185 2728 facto,
211 2659 281 2713 statt
307 2658 356 2712 des
379 2656 458 2712 Infin.
479 2658 556 2712 steht
581 2675 627 2711 zu·
682 2657 791 2713 welche
818 2656 869 2712 wir
902 2657 943 2712 ini
969 2657 1132 2713 Deutsehen
1164 2657 1246 2712 datur

57 2729 165 2785 weilen
190 2729 237 2784 bei
259 2745 328 2798 opus
350 2735 389 2784 est
415 2728 465 2782 der
489 2728 553 2786 Abl.
578 2729 627 2784 des
682 2730 873 2799 gebrauehen,
889 2727 929 2783 im
942 2726 1174 2798 Lathdjektive.
1209 2728 1245 2784 So

56 2803 137 2873 part.
154 2799 225 2871 perf.
244 2817 319 2871 pass.
682 2799 779 2870 gleieh
811 2800 937 2854 nuchhar
963 2802 1059 2889 prima
1087 2807 1164 2856 noete
1186 2795 1246 2855 ‘bei

97 2887 125 2936 2,
148 2882 181 2936 αθ
193 2883 274 2936 'rem
292 2881 405 2935 gummis
423 2880 564 2949 desperme
576 2878 627 2934 ‘ap
681 2869 792 2940 Beginn
811 2871 861 2924 der
877 2869 994 2938 Nacht;
1014 2870 1088 2924 deun
1107 2886 1136 2925 es
1155 2870 1247 2925 bildet

58 2953 105 3007 les
124 2950 253 3007 verloren
271 2947 390 3021 geben':
682 2941 738 2996 den
752 2940 909 3010 Gegensata
928 2959 962 2995 zu
979 2943 1099 2996 secunde
1117 2942 1176 2995 und
1193 2948 1246 2997 ter-

96 3048 155 3087 rem
177 3032 302 3101 expedire
320 3030 391 3085 ‘eine
411 3029 501 3084 sache
527 3029 627 3084 odedi.
681 3014 852 3095 tiooiyilia,
874 3010 955 3094 pioht
977 3029 1010 3066 zu
1032 3019 1144 3093 postera
1161 3019 1246 3067 nocte

57 3119 131 3174 gen,
150 3101 265 3156 Abhilfe
284 3097 430 3156 schaffen’,
682 3084 733 3137 Ber
756 3084 811 3137 den
835 3082 975 3137 Gnechen
1000 3098 1058 3136 war
1082 3082 1129 3138 dre
1152 3082 1248 3137 Nacht

97 3184 320 3253 wod,1,033,t
339 3181 465 3247 mxv,
486 3187 537 3250 Μ
556 3183 629 3251 Μ
681 3154 712 3208 in
735 3153 808 3221 drei,
836 3152 883 3208 bei
907 3153 962 3210 den
982 3153 1106 3235 Ilbmem
1133 3151 1163 3207 in
1186 3153 1248 3208 vier

58 3271 103 3311 me
126 3254 354 3326 Qammmm,
377 3254 514 3308 aemula„
533 3259 629 3322 pm
683 3225 895 3309 Nachtwacheu
913 3225 1022 3308 getedt.
1071 3296 1076 3309 Ι
1140 3290 1160 3314 υ

59 3357 96 3367 -
126 3326 271 3392 transisse,
303 3325 388 3379 ntml.
416 3323 447 3377 in
474 3323 627 3392 Persidem,
718 3313 800 3378 luam
837 3298 967 3351 &mmm
998 3302 1108 3377 possem
1152 3313 1191 3348 rn⁴
1215 3312 1246 3351 eo

59 3392 490 3465 intrang‚‘h91fibergek0mmen
509 3391 591 3450 ,eina
682 3369 781 3455 uerter
798 3366 992 3435 Ausdehnung
1019 3383 1059 3422 ere
1081 3383 1135 3421 nur
1157 3366 1246 3421 ktnu·

61 3475 628 3606 lsditiieoiiiemqiitautiuothtmimdiedxuyd
682 3442 710 3493 te
718 3517 743 3565 4·
762 3509 954 3598 ,amiatae
979 3507 1022 3598 ,im
1046 3509 1079 3566 D.
1104 3509 1150 3565 ein
1177 3508 1248 3564 Sub·

406 3617 448 3670 a
549 3635 570 3672 ε·
594 3635 628 3671 211
683 3579 994 3719 tuarum:

58 3691 103 3759 ῙῙ»
124 3696 175 3759 52²
194 3691 287 3744 minus
306 3690 423 3760 mim
441 3690 544 3745 diem·
719 3728 743 3778 t.
771 3724 892 3794 Quibus,
915 3739 973 3776 was
993 3721 1032 3776 ist
1050 3720 1134 3776 dabei
1152 3738 1186 3774 zu
1205 3737 1247 3776 er·

97 3771 275 3855 mmm
305 3800 339 3811 “
368 3769 536 3825 mmm
571 3768 627 3838 Igl·
682 3799 807 3863 gtnzen?
836 3811 856 3846 e.
882 3811 915 3846 zu
942 3792 981 3860 X,
1001 3797 1054 3860 8,4
1073 3793 1248 3860 conueniunt,

60 3849 114 3912 6,2
134 3842 346 3898 obleoesceretur.
683 3867 771 3920 cuius.
845 3872 849 3887 .

98 3929 123 3978 3·
154 3923 209 3977 dale
237 3919 290 3975 wie
318 3921 344 3989 I,
368 3927 425 3988 6,3
453 3920 519 3976 ΐαῖἱθ
544 3920 629 3975 immid
718 3942 743 3991 6,
772 3936 903 4004 quoniam
920 3933 974 3989 wie
991 3933 1025 4002 V,
1047 3939 1098 4002 153
1117 3934 1248 4002 quoniam

59 3995 184 4051 tribulus
202 3999 248 4049 etl·
678 4007 822 4076 probibere
854 4012 953 4076 posset.
986 4035 1019 4045 -
1052 4005 1247 4074 Imprudentes,

97 4068 627 4140 certoehomtues‘zuvcrl'rtssigeLeute'.
682 4078 766 4131 ntml.
785 4077 957 4132 aduersarios
974 4071 1045 4144 ‘sie’,
1065 4093 1087 4131 e.
1101 4092 1135 4128 zu
1154 4081 1178 4144 8,
1190 4081 1215 4130 6.

96 4155 136 4210 od
158 4154 268 4222 iufimos
291 4158 406 4217 montes,
424 4149 469 4205 ‘an
493 4151 548 4204 den
566 4149 628 4203 Full
717 4149 811 4203 sedare
836 4148 1026 4203 lassitudiuem
1052 4147 1173 4202 allectae
1197 4144 1247 4216 ‘je-

60 4226 113 4280 der
131 4220 243 4294 Berge'.
274 4222 368 4277 Wenn
387 4221 433 4276 die
453 4220 532 4276 Teile
552 4220 629 4276 einer
682 4219 804 4273 manden
822 4219 963 4273 ausruhen
981 4213 1097 4272 lassen'.

60 4297 154 4352 Sache
182 4296 256 4350 nach
284 4293 336 4348 Ort
362 4294 421 4347 und
447 4292 509 4348 Zeit
540 4293 629 4347 uther
717 4307 770 4360 quo
787 4291 841 4344 wie
860 4289 890 4343 in
908 4306 961 4358 quo
980 4291 1109 4344 libentes
1127 4293 1152 4369 t,
1163 4293 1188 4343 4.

60 4367 209 4423 bestimmt
227 4366 340 4421 werden
357 4364 460 4431 sollen,
480 4380 511 4419 so
528 4364 628 4418 stehen
717 4363 856 4417 decernere
899 4358 963 4415 ‘den
1005 4359 1249 4428 Entseherdungs·

60 4439 107 4494 fiir
121 4438 168 4494 die
183 4436 344 4492 Aduerbien
362 4436 420 4490 und
435 4434 627 4504 substantive,
682 4431 785 4502 kampf
800 4427 958 4488 bestehen’.

712 3457 752 3493 n.
