2790 4882
177 260 239 326 138
495 256 594 311 XXIII.
622 256 822 311 HANNIBAL.
860 256 938 312 cAP.
957 262 982 312 2.
1004 264 1030 314 3.

138 419 329 485 bRomanis
362 420 440 486 fore.
490 420 529 485 Id
561 442 620 507 ego
652 420 878 486 iusiurandum
910 421 997 505 patri
1029 420 1142 485 datum
1175 443 1276 506 usque
1307 417 1358 487 ad

140 535 143 542 ·
169 509 253 574 hanc
282 513 423 575 aetatem
452 509 501 575 ita
529 509 733 595 conservavi,
762 512 798 574 ut
821 509 945 575 nemini
972 509 1107 575 dubium
1132 532 1202 575 esse
1226 509 1347 593 debeat,

138 598 253 682 equin
280 598 406 684 reliquo
435 603 581 683 tempore
609 599 721 664 eadem
751 603 859 664 mente
889 599 951 663 sim
979 598 1116 663 futurus.
1167 598 1290 685 Quare,
1319 598 1344 664 si

175 687 251 772 quid
276 688 378 753 amice
402 687 441 753 de
460 687 616 752 Romanis
641 688 814 773 cogitabis,
836 709 903 753 non
925 686 1147 772 imprudenter
1169 687 1298 773 feceris,
1320 687 1342 752 si

174 798 225 842 me
245 776 376 862 colaris,
399 798 472 841 cum
491 776 622 861 quidem
640 776 762 842 bellum
780 776 924 861 parabis,
948 780 980 841 te
999 777 1107 861 ipsum
1130 776 1342 862 frustraberis,

175 865 203 929 si
226 887 293 931 non
315 887 366 930 me
390 866 424 929 in
448 887 486 931 eo
510 865 690 950 principem
712 861 880 951 posueris.’

117 995 159 1036 aar
264 972 294 1037 3.
325 971 397 1037 Hac
419 973 533 1057 igitur,
558 994 621 1056 qua
645 971 801 1058 diximus,
829 975 935 1038 aetate
960 992 1031 1036 cum
1055 975 1149 1056 patre
1171 972 1207 1037 in
1230 971 1344 1059 Hispa·

118 1085 160 1125 aas
175 1059 263 1125 niam
285 1061 449 1147 profectus
473 1065 536 1147 est,
559 1062 649 1126 cuius
669 1065 745 1145 post
764 1060 904 1146 obitum,
926 1059 1131 1126 Hasdrubale
1155 1061 1346 1148 imperatore

175 1149 324 1235 suffecto,
344 1149 504 1234 equitatui
524 1149 613 1214 omni
630 1149 781 1235 praefuit.
818 1149 890 1215 Hoc
909 1171 1036 1236 quoque
1055 1149 1242 1236 interfecto,
1263 1173 1348 1218 exer·

120 1238 258 1303 ascitus
282 1260 443 1304 summam
465 1238 597 1324 imperii
625 1237 666 1303 ad
690 1260 762 1303 eum
787 1238 914 1304 detulit.
958 1237 1020 1324 Id,
1040 1236 1276 1325 Carthaginem
1299 1241 1349 1305 de-

139 1327 293 1413 alatum,
316 1328 444 1412 publice
468 1328 715 1412 comprobatum
740 1332 798 1393 est.
843 1325 907 1392 Hic
929 1326 1109 1412 Hannibal,
1137 1329 1244 1394 minor
1265 1328 1298 1395 V
1320 1333 1351 1395 et

174 1416 234 1482 XX
265 1417 358 1482 annis
389 1421 487 1482 natus
519 1417 698 1502 imperator
728 1416 849 1502 factus,
881 1417 1030 1502 proximo
1061 1416 1205 1483 triennio
1239 1439 1351 1484 omnes

106 1537 159 1576 v219
174 1511 288 1591 gentes
317 1505 497 1592 Hispaniae
524 1506 612 1571 bello
640 1505 783 1592 subegit,
817 1504 1013 1590 Saguntum,
1044 1505 1244 1571 foederatam
1276 1505 1351 1574 civi·

138 1612 153 1659 3
172 1599 290 1680 tatem,
314 1597 345 1659 vi
365 1595 577 1682 expugnavit,
600 1599 667 1660 tres
686 1595 846 1661 exercitus
870 1595 1029 1659 maximos
1050 1595 1261 1680 comparavit.
1303 1594 1353 1662 Hx

172 1685 224 1750 his
252 1707 353 1750 unum
380 1685 415 1750 in
439 1684 583 1750 Africam
613 1684 717 1769 misit,
746 1684 887 1749 alterum
916 1705 988 1750 cum
1016 1682 1223 1750 Hasdrubale
1251 1684 1354 1751 fratre

173 1774 208 1838 in
226 1773 388 1859 Hispania
410 1773 557 1858 reliquit,
581 1773 716 1839 tertium
738 1774 774 1838 in
791 1772 924 1838 Italiam
947 1793 1056 1838 secum
1080 1773 1181 1838 duxit.
1223 1771 1354 1840 Saltum

117 1893 158 1931 ars
173 1861 374 1947 Pyrenaeum
398 1862 539 1927 transiit.
585 1861 793 1947 Quacumque
820 1862 884 1927 iter
906 1861 997 1946 fecit,
1025 1883 1099 1928 eum
1122 1862 1277 1928 omnibus
1305 1865 1352 1929 in·

137 1967 154 2014 4
174 1950 253 2015 colis
272 1950 431 2036 conflixit,
449 1951 611 2016 neminem
631 1951 696 2016 nisi
714 1950 837 2015 victum
856 1950 991 2016 dimisit.
1029 1949 1083 2017 Ad
1101 1951 1204 2036 Alpes
1223 1955 1354 2037 postea·

174 2062 272 2124 quam
301 2039 403 2126 venit,
435 2061 516 2124 quae
545 2038 677 2104 Italiam
710 2040 751 2104 ab
782 2038 890 2104 Gallia
920 2040 1112 2126 seiungunt,
1144 2061 1224 2126 quas
1256 2063 1353 2106 nemo

173 2150 315 2213 unquam
349 2150 422 2194 cum
455 2129 598 2194 exercitu
630 2132 706 2193 ante
739 2151 813 2193 eum
845 2132 977 2214 praeter
1008 2129 1183 2194 Herculem
1216 2128 1354 2196 Graium

172 2217 359 2303 transierat,
388 2238 452 2302 quo
476 2217 563 2282 facto
587 2217 614 2281 is
639 2216 736 2282 hodie
760 2218 864 2283 saltus
889 2217 1008 2283 Graius
1033 2218 1232 2304 appellatur:
1262 2220 1354 2304 Alpi·

173 2329 227 2372 cos
247 2310 401 2372 conantes
420 2305 594 2393 prohibere
612 2307 752 2371 transitu
771 2306 925 2392 concidit,
948 2307 1021 2372 loca
1038 2307 1209 2394 patefecit,
1232 2307 1354 2376 itinera

172 2395 303 2480 muniit,
326 2395 448 2481 effecit,
470 2400 509 2461 ut
528 2417 566 2465 ea
585 2395 778 2480 elephantus
803 2400 936 2462 ornatus
955 2395 1002 2462 ire
1021 2400 1147 2482 posset,
1171 2418 1236 2481 qua
1255 2401 1354 2464 antea

208 2575 232 2624 6.
259 2570 369 2638 siquid
390 2571 477 2625 amice
495 2571 627 2640 cecitatis
645 2563 735 2624 ‘uenn
823 2571 852 2626 ei
870 2568 930 2623 ‘mit
949 2567 1060 2625 Sturm'.
1185 2620 1187 2625 ,

172 2640 210 2694 du
228 2639 404 2695 freondliehe
422 2638 579 2694 Absichteu
597 2636 702 2710 hegst'.
824 2647 849 2696 3.
877 2641 1051 2712 ρωαωιπιῳι(
1074 2661 1094 2696 s.
1114 2660 1148 2697 zu
1166 2660 1223 2713 qua
1244 2643 1272 2712 I,
1292 2651 1353 2714 3,1.

206 2712 316 2780 feceris,
343 2711 414 2766 uber
438 2711 488 2765 das
511 2709 562 2766 fut.
582 2714 671 2766 exact.
695 2710 735 2764 im
788 2712 899 2766 Ebenso
919 2718 965 2778 §4
984 2729 1015 2767 eu
1035 2745 1067 2753 —
1087 2731 1143 2783 qao
1162 2745 1196 2755 -
1215 2715 1290 2772 Hae.

172 2782 347 2853 Haupbsabze
366 2800 388 2837 a.
402 2800 435 2836 zu
452 2782 543 2850 XVII,
563 2788 615 2852 5,4
632 2789 735 2839 memet
824 2798 849 2846 4,
873 2809 941 2861 quae
959 2822 994 2833 -
1012 2810 1094 2862 quas,
1114 2793 1160 2849 die
1178 2793 1286 2851 beiden
1299 2796 1354 2852 Re.

170 2856 227 2925 apa·
244 2870 295 2909 eos
313 2855 565 2936 apuymvaimes.
584 2884 618 2895 -
638 2855 734 2910 celeris
786 2862 934 2918 lativsaue
948 2863 1085 2920 verbinde
1103 2863 1142 2919 im
1156 2864 1190 2922 D.
1200 2865 1255 2920 mit
1264 2864 1353 2922 ‘und'.

169 2926 351 3010 =celavena
418 2991 426 3016 ι
719 2993 726 3016 ‚
788 2934 845 2989 Der
862 2934 961 2991 aweite
979 2935 1018 2990 ist
1034 2936 1140 2992 uthere
1157 2936 1354 3009 Bestimmung

207 3014 269 3053 cum
291 2998 398 3067 quedem
429 2997 504 3051 daun
528 2997 609 3065 aber,
634 3014 734 3064 walum
787 3023 821 3059 au
844 3007 940 3076 Alpes,
965 3024 1035 3076 qaue
1056 3009 1172 3064 Italiam
1195 3011 1230 3065 aa
1255 3009 1354 3066 Genea

170 3070 279 3139 quidem
293 3066 734 3138 dienthierzurHervorhebung
786 3079 943 3148 seimane,

171 3141 221 3195 des
236 3139 424 3210 Gegensataes
438 3139 492 3195 wie
507 3139 558 3208 IX,
574 3146 620 3208 ω
634 3142 732 3209 requi·
822 3165 899 3204 mmo
934 3166 1057 3218 uuquam
1095 3150 1241 3206 ubersetze
1278 3153 1353 3207 nach

168 3213 320 3266 demeare
422 3284 428 3296 Ι
786 3221 866 3274 aella
884 3221 1049 3290 maquerel,
1069 3227 1129 3288 6,5.

207 3284 305 3338 bellum
322 3284 441 3352 parabas
463 3300 484 3336 s.
500 3300 534 3336 zu
552 3282 589 3351 X,
609 3289 660 3351 5‚l
681 3283 732 3337 bel·
825 3290 943 3346 Graium
967 3309 987 3347 s.
1007 3309 1041 3346 zu
1064 3293 1102 3359 II,
1127 3298 1151 3360 9,
1167 3299 1191 3348 2,
1229 3293 1262 3347 In
1287 3295 1353 3350 dem

171 3355 228 3408 lma
247 3370 412 3442 comparare.
443 3423 449 3435 ι
490 3421 498 3442 ,
669 3423 675 3436 ι
786 3360 940 3431 folgenden
966 3362 1046 3417 Setae
1074 3364 1220 3420 ubersetze
1244 3363 1353 3422 Graius

207 3440 264 3478 ewa
270 3440 311 3477 me
324 3423 504 3492 nachtm1oh,
520 3425 642 3479 sonderu
651 3441 734 3479 emen
786 3431 867 3486 nicht
876 3429 1060 3502 ‘griechisch’‚
1073 3433 1352 3506 sondem‘grajisch'.

169 3493 307 3559 auderem
333 3496 365 3548 ia
383 3493 539 3584 eo=inqea
557 3513 599 3561 re,
624 3496 651 3549 d.
665 3495 684 3550 i
703 3495 733 3550 in
822 3529 875 3581 quo
892 3514 966 3580 facto
984 3513 1046 3568 hie,
1060 3511 1210 3570 ‘weghale

170 3566 248 3654 ballo,
261 3565 387 3635 amando
411 3565 494 3647 deba
508 3609 515 3621 ·
530 3598 563 3607 -
578 3583 733 3654 poemen
822 3586 861 3652 u,
884 3585 935 3638 aas
953 3584 1109 3640 nonomen
1127 3587 1179 3641 aar
1197 3586 1259 3642 sien
1278 3589 1353 3645 naeu

170 3638 233 3693 hier
251 3638 378 3691 eberster
391 3636 493 3704 Lerter,
508 3654 546 3691 an
559 3637 605 3692 dre
620 3637 732 3708 spaza.
787 3655 853 3709 dem
876 3655 1127 3712 pffidikatsnomen
1150 3657 1295 3728 3011,th
1318 3662 1351 3728 (g,

206 3727 236 3783 3.
274 3734 298 3782 1.
326 3744 381 3797 que
404 3727 539 3794 dirimas,
565 3726 650 3780 naml.
669 3743 733 3781 eum
786 3744 820 3780 zu
843 3727 889 3795 IV,
910 3734 961 3794 3,6
981 3744 1067 3798 peaes
1084 3730 1157 3799 quod
1174 3730 1290 3786 Halotus
1306 3747 1352 3787 oo·

170 3799 327 3869 profectum
342 3814 403 3853 esse
423 3815 487 3853 cum
499 3800 593 3869 patre,
611 3797 669 3868 vgl.
683 3816 733 3852 aa·
787 3800 890 3869 ceter),
913 3799 969 3868 vgl.
988 3800 1040 3868 III,
1060 3807 1111 3868 3‚1
1135 3802 1166 3856 e'd
1184 3803 1257 3856 enim
1281 3819 1351 3859 com·

168 3878 215 3926 tres
222 3872 309 3941 ὁρίων
312 3877 402 3940 patre,
412 3887 465 3939 quo
474 3870 596 3926 diximus
605 3868 665 3936 XV,
675 3876 732 3938 2,1.
786 3887 867 3926 meae
885 3872 1025 3926 ameriam
1043 3888 1098 3927 aare
1114 3873 1267 3929 uoluerunt.

205 3943 368 4012 imperatore
386 3942 489 4010 gehort
506 3958 568 3994 aum
587 3940 731 3996 Pradikut.
817 3943 963 4012 patefecit,
994 3942 1020 3998 d.
1042 3942 1061 3996 i.
1081 3941 1201 3998 ‘maohte
1230 3944 1271 4000 sie
1305 3963 1352 4000 au·

201 4014 312 4083 publice
329 4012 382 4067 wie
400 4012 439 4079 II,
459 4019 483 4080 8,
494 4019 519 4066 5.
785 4010 935 4084 ganglich'.

206 4091 230 4138 a.
259 4086 350 4140 miaor
371 4084 398 4139 V
411 4091 437 4139 et
453 4085 514 4138 XX
534 4085 618 4139 mauis
639 4089 732 4151 autea,
820 4086 923 4140 itlaero
940 4087 1042 4141 muniit
1060 4103 1083 4141 s.
1097 4102 1130 4139 au
1148 4085 1212 4154 XX,
1233 4093 1287 4154 3,3
1305 4104 1351 4144 ur·

169 4156 220 4210 der
243 4155 360 4210 Ablativ
384 4155 414 4210 in
438 4155 530 4210 dieser
548 4154 733 4226 Verbindung
786 4172 841 4211 cem
858 4157 974 4212 mueire.

168 4227 208 4281 ist
235 4227 300 4281 sehr
327 4227 430 4293 selten;
461 4226 507 4281 die
535 4226 732 4295 gewohnliehe
821 4233 936 4282 mutae
951 4227 1005 4282 wie
1024 4228 1115 4296 XVII,
1135 4237 1159 4298 3,
1171 4236 1196 4285 3.
1229 4229 1269 4285 Zu
1284 4231 1350 4286 wel·

169 4297 375 4355 Konstruktiou
403 4316 424 4352 s.
452 4297 528 4362 XXI,
557 4304 615 4366 aa
644 4300 733 4354 maior
786 4298 867 4352 obem
886 4297 984 4354 Worte
1011 4299 1060 4354 des
1078 4299 1233 4370 folgenden
1252 4300 1351 4358 Setaea

168 4385 259 4423 aanor
276 4370 419 4439 smapirua
438 4376 529 4424 autes.
785 4368 877 4423 bildet
899 4386 928 4424 es
952 4371 1007 4425 den
1029 4370 1204 4441 Gegensatz?
1241 4373 1351 4430 Betone

204 4441 379 4508 foederatam,
393 4439 447 4495 mit
460 4458 520 4509 uns,
536 4440 591 4495 den
601 4439 731 4496 Romern.
785 4441 858 4495 auch
876 4442 928 4508 ira
948 4442 1122 4513 Gegensata?
