2790 4882
399 113 486 168 nnn.
514 111 715 170 annuens.
752 113 829 171 ore.
849 121 874 171 r.
893 121 918 170 a.
937 121 963 171 4.
1207 120 1271 186 135

85 280 248 343 fecerunt.
293 278 326 342 Is
349 298 416 342 non
440 276 546 342 solum
574 277 686 343 hostes
715 299 734 342 a
757 278 858 343 muris
883 276 1093 366 Carthaginis
1123 279 1308 365 removit,4

88 389 165 432 cum
195 366 336 450 amplius
366 363 391 431 (l
416 365 508 430 milia
534 365 623 430 facta
650 370 759 431 essent
787 371 1001 452 armatorum,
1028 366 1085 433 sed
1109 367 1208 433 etiam
1233 389 1270 434 eo
1286 395 1325 436 aas

91 455 266 540 compulit,
290 460 326 520 ut
349 456 494 519 locorum
517 454 678 540 angustiis
702 456 805 520 clausi
827 456 936 542 plures
960 457 1045 522 fame
1067 478 1165 541 quam
1183 457 1270 522 ferro

92 546 275 610 interirent.
326 543 444 608 Omnia
477 544 597 628 oppida
629 544 830 629 abalienata,
861 544 896 608 in
927 545 980 610 his
1011 545 1140 611 Uticam
1174 550 1271 630 atque

93 633 289 719 Hipponem,
312 632 537 697 valentissima
560 633 663 697 totius
686 632 832 717 Africae,
855 634 1002 699 restituit
1025 635 1161 719 patriae.
1206 633 1306 700 Nes

96 745 155 808 que
190 744 227 787 eo
260 721 324 786 fnit
356 725 542 805 contentus,
575 721 631 787 sed
665 723 764 787 etiam
797 722 871 787 finis
904 722 1032 807 imperii
1063 724 1272 809 propagavit,
1285 751 1326 792 rer

96 817 165 876 tota
190 810 301 875 Africa
328 817 456 875 tantum
485 812 588 874 otium
616 810 773 895 reddidit,
800 816 837 876 ut
864 812 992 876 nullum
1020 812 1054 876 in
1082 834 1121 877 ea
1149 813 1272 878 bellum

98 900 259 965 rideretur
283 898 396 964 multis
421 899 513 964 annis
537 898 650 965 fuisse.

183 1008 213 1071 3.
250 1005 360 1069 Rebus
383 1004 435 1069 his
459 1027 497 1069 ex
521 1005 684 1070 sententia
710 1006 865 1093 peractis,
894 1007 1008 1070 fidenti
1036 1006 1145 1072 animo
1174 1010 1271 1092 atque
1286 1034 1326 1076 ror

97 1095 214 1160 infesto
238 1093 409 1178 Romanis,
437 1114 501 1178 quo
524 1094 653 1159 facilius
677 1116 808 1160 causam
832 1095 976 1161 bellandi
998 1097 1169 1181 reperiret,
1198 1096 1272 1162 effe·

97 1184 152 1268 cit,
174 1188 212 1249 ut
230 1185 407 1267 imperator
426 1204 498 1247 cum
518 1183 661 1248 exercitu
679 1183 714 1248 in
732 1183 929 1269 Hispaniam
948 1183 1147 1270 mitteretur,
1170 1206 1273 1271 eoque

97 1295 203 1338 secum
226 1271 320 1336 duxit
342 1271 447 1336 filium
470 1271 691 1338 Hannibalem
720 1294 880 1337 annorum
903 1293 1029 1338 novem.
1073 1271 1156 1339 Erat
1178 1296 1270 1358 prae·
1290 1288 1306 1336 a

96 1369 183 1427 terea
207 1383 279 1426 oum
299 1382 336 1425 eo
361 1359 550 1425 adulescens
563 1360 728 1446 illustris,
749 1359 927 1448 formosus,
950 1360 1152 1446 Hasdruba13
1176 1384 1272 1447 quem

96 1450 245 1515 nonnulli
269 1449 363 1533 diligi
386 1449 475 1534 plus,
504 1471 602 1534 quam
625 1471 685 1532 par
708 1454 792 1536 erat,
820 1450 860 1515 ab
884 1448 1070 1516 Hamilcare
1093 1450 1271 1535 loqueban-

96 1543 157 1605 tur.
206 1537 283 1604 Non
315 1537 402 1603 enim
434 1538 584 1603 maledici
615 1541 709 1603 tanto
742 1539 812 1603 viro
844 1538 956 1604 deesse
988 1541 1147 1624 poterant.
1200 1539 1271 1616 Quo

96 1629 216 1694 factum
240 1631 303 1712 est,
331 1631 368 1692 ut
391 1649 411 1691 a
433 1626 597 1711 praefecto
620 1648 747 1693 morum
771 1626 959 1693 Hasdrubal
987 1649 1060 1694 cum
1084 1649 1121 1693 eo
1144 1632 1271 1694 vetare-

96 1723 148 1782 tur
171 1739 252 1783 esse.
296 1715 383 1780 Huic
406 1716 463 1780 ille
487 1716 589 1780 filiam
612 1738 705 1781 suam
728 1717 764 1782 in
786 1716 1030 1782 matrimonium
1053 1716 1156 1802 dedit,
1186 1716 1272 1803 quod

97 1805 240 1871 moribus
268 1827 378 1870 eorum
406 1826 473 1869 non
495 1808 625 1890 poterat
651 1805 801 1871 interdici
829 1827 941 1871 socero
965 1828 1093 1893 genero.
1138 1804 1187 1871 De
1210 1805 1306 1871 hoca

97 1895 167 1960 ideo
191 1893 391 1960 mentionem
413 1893 565 1979 fecimus,
588 1894 675 1978 quod
698 1893 884 1960 Hamilcare
907 1896 1013 1960 occiso
1036 1895 1093 1960 ille
1116 1895 1272 1961 exercitui
1285 1913 1325 1955 are

97 1984 237 2068 praefuit
259 2004 375 2067 resque
399 2003 536 2067 magnas
559 1983 677 2069 gessit,
700 1988 733 2048 et
753 1984 904 2068 princeps
927 1982 1100 2070 largitione
1124 1989 1271 2050 vetustos

97 2072 252 2157 pervertit
284 2093 391 2136 mores
420 2070 753 2157 Carthaginiensium,
787 2071 994 2157 eiusdemque
1026 2075 1104 2157 post
1132 2076 1271 2138 mortem

98 2161 261 2227 Hannibal
285 2161 325 2225 ab
350 2162 491 2225 exercitu
515 2161 640 2244 accepit
662 2160 845 2243 imperium.
1285 2181 1324 2220 aar

183 2269 214 2333 4.
242 2267 288 2332 At
305 2266 489 2351 Hamilcar,
511 2270 725 2352 posteaquam
748 2288 839 2333 mare
857 2265 990 2332 transiit
1011 2266 1046 2331 in
1063 2266 1275 2352 Hispaniam?

98 2379 156 2443 qne
175 2357 279 2440 venit,
302 2376 439 2441 magnas
462 2377 514 2420 res
534 2356 674 2421 secunda
698 2356 803 2442 gessit
824 2355 967 2441 fortma3
992 2355 1152 2422 maximas
1176 2356 1269 2421 belli·
1313 2394 1321 2423 ,ι

97 2447 346 2531 eosissimasque
383 2449 497 2530 gentes
531 2445 675 2532 subegit,
711 2444 817 2529 equis,
854 2445 970 2527 armis,
1005 2444 1099 2530 viris,
1135 2445 1273 2530 pecunia

98 2539 200 2601 totam
227 2534 439 2618 locupletavit
467 2533 620 2600 Africam.
666 2534 729 2600 Hic
756 2555 829 2600 cum
856 2534 891 2601 in
913 2533 1046 2599 Italiam
1075 2535 1195 2598 bellum
1223 2534 1306 2598 ina

97 2623 177 2689 ferre
210 2623 437 2708 meditaretur,
468 2644 555 2688 nono
589 2646 687 2709 anno,
719 2626 893 2710 postquam
926 2623 960 2688 in
992 2622 1186 2709 Hispaniam
1217 2644 1269 2688 ve·

99 2719 203 2798 uerat,
244 2713 280 2778 in
315 2711 440 2796 proelio
477 2732 626 2796 pugnans
665 2712 819 2777 adversus
854 2711 1012 2777 Vettones
1050 2711 1175 2778 occisus
1213 2715 1271 2777 est.

131 2931 155 2979 4.
182 2939 244 2979 eam
266 2921 320 2977 wie
342 2922 396 2990 ΙΙΙ,
416 2927 467 2988 3‚2
491 2937 553 2976 aem
570 2923 658 2977 tastis
746 2921 907 2976 interdicere
920 2921 1008 2975 alicui
1020 2921 1159 2989 alineare
1172 2918 1273 2975 ‘einem

96 2997 175 3050 rebar
189 2995 363 3064 praefuisset.
378 3024 412 3034 -
431 2993 552 3062 amplias
570 2991 657 3048 Omi·
711 2995 798 3048 etwas
816 2991 973 3059 verbieten,
992 2987 1179 3060 untersagen’.
1210 2990 1273 3046 Dan

98 3065 135 3120 lia
158 3085 179 3122 s.
199 3083 233 3119 zu
252 3064 290 3133 ΙΙ,
311 3071 362 3133 aa
385 3065 478 3119 minae
496 3065 591 3120 diebus
608 3065 657 3120 tri-
710 3063 774 3118 Abl.
789 3079 878 3118 socero
896 3059 1058 3118 tibers‘der
1071 3062 1202 3132 Umgang
1219 3061 1274 3117 mit

98 3139 181 3208 cinea
712 3135 776 3190 dem
795 3129 1051 3204 Sohwiegervater'.

131 3210 251 3264 iocorum
269 3209 407 3278 cupediis
431 3206 484 3261 wie
503 3206 576 3273 XIV,
596 3211 621 3274 8,
631 3213 656 3261 4.
747 3213 772 3261 3.
795 3207 828 3262 de
844 3207 908 3275 boc,
927 3205 953 3260 d.
968 3204 987 3259 i.
1007 3204 1042 3260 de
1059 3203 1245 3260 Hasdrubale.

131 3287 155 3334 b.
175 3286 232 3336 toto
245 3280 360 3347 Africo,
378 3279 503 3334 weshalb
522 3278 595 3332 ohne
608 3276 657 3332 int
743 3278 873 3348 princeps
900 3275 953 3331 wie
975 3276 1041 3345 VH,
1066 3282 1120 3346 1‚s
1142 3277 1273 3347 princeps

96 3337 171 3407 llber
194 3351 243 3404 das
263 3349 426 3430 asyndeton
449 3367 470 3404 s.
490 3367 524 3403 au
546 3348 577 3417 V,
596 3355 657 3418 ΙΙ.
712 3350 810 3437 beilega
839 3350 883 3405 bis
914 3349 1026 3438 iadipit.
1060 3379 1094 3390 -
1128 3349 1273 3420 largitione

132 3439 160 3495 Β.
186 3447 210 3494 1.
229 3441 421 3507 easemeatio,
436 3443 561 3494 weseen?
588 3437 657 3492 Der·
710 3420 773 3475 hlei
799 3419 1000 3490 Bssflifflhunss·

98 3511 173 3566 selbe
191 3510 339 3564 Ausdruelr
357 3510 497 3579 V11‚r,1.
551 3567 555 3574 ,
747 3508 775 3565 4.
805 3515 828 3563 1.
847 3510 916 3565 cirre
934 3503 1211 3579 (‘Mannschaften')‚
1230 3507 1272 3561 in·

132 3583 265 3650 bellandi,
283 3580 336 3635 mit
355 3582 409 3637 den
427 3581 557 3636 Rbmcrn.
711 3580 776 3636 dem
799 3597 829 3636 er
855 3579 900 3635 die
922 3579 1149 3634 unterworfenen
1166 3577 1273 3634 thker

131 3671 269 3710 coemunt
286 3670 380 3708 aecem
398 3671 419 3708 s.
434 3670 468 3705 nu
486 3651 578 3718 XVII,
596 3656 621 3719 8,
632 3658 657 3706 Ι,
710 3650 833 3722 nbtigte,
861 3651 918 3706 den
939 3649 1118 3720 Karthagern
1139 3649 1272 3721 Truppen

131 3731 156 3780 t.
185 3742 246 3780 cam
273 3741 303 3780 eo
322 3720 381 3779 ‘bei
409 3723 480 3790 ihm,
507 3722 538 3776 in
566 3722 658 3777 seiner
711 3740 745 3777 au
763 3722 873 3779 stellen.

96 3793 285 3866 Umgebung'.
314 3827 347 3836 -
375 3796 493 3851 alternis
521 3792 584 3848 hier
607 3792 657 3848 ‘er·
746 3799 773 3848 t.
796 3795 828 3848 ia
843 3793 958 3849 Italiam
977 3793 1075 3847 bellura
1092 3791 1196 3859 inferre
1208 3787 1273 3846 ‘den

96 3865 205 3936 lauant,
226 3884 275 3920 sus
295 3866 388 3922 edlem
407 3861 596 3922 Geschlecht'.
711 3864 798 3934 Kneg
820 3864 894 3918 nach
917 3862 1018 3918 Italian
1041 3862 1118 3917 verle
1139 3878 1187 3930 en,
1210 3861 1273 3915 hin-

132 3945 203 4006 erot,
232 3938 282 3992 der
304 3937 448 3992 Indikativ
472 3936 526 3992 wie
552 3935 576 4005 l,
600 3942 658 4003 s‚4
710 3932 906 4005 iiberspIelen'.
938 3933 992 3989 Die
1006 3879 1145 4003 geuthnl.
1158 3933 1272 3988 Konstr.

97 4015 308 4080 baasportorot.
332 4040 365 4050 —
388 3997 465 4063 liber
486 4009 560 4077 loqui
583 4025 603 4062 s.
623 4024 657 4061 zu
712 4006 810 4062 bellem
823 4007 926 4074 inferre
943 4005 997 4060 mit
1009 4005 1074 4058 dem
1088 4004 1152 4060 Dat.
1168 4004 1199 4074 (Ι,
1213 4009 1272 4071 t,l.

98 4080 160 4149 VII,
183 4087 238 4150 t,2
262 4098 323 4136 orm
341 4086 392 4135 aet
409 4097 470 4135 eum
492 4080 658 4150 aeyieoeater
711 4079 750 4145 II,
769 4084 794 4144 t,
805 4080 833 4147 4)
856 4077 952 4132 warde
977 4073 1081 4130 heillen
1098 4073 1162 4130 ‘den
1185 4074 1273 4145 Krieg

96 4159 146 4208 oct
164 4154 298 4207 malitiose
314 4153 408 4221 secisse
426 4153 605 4220 beraretur.
711 4165 805 4219 gagen
817 4147 919 4202 Italian
933 4142 1092 4216 beginnen’,
1103 4147 1161 4217 vgl.
1175 4147 1210 4215 ΙΙ,
1225 4152 1272 4215 9‚2

98 4226 284 4349 ffprgitstew
301 4240 407 4280 moram
424 4219 571 4277 ‘Aniseher
589 4221 658 4275 tiber
711 4219 1056 4362 pppoegamdpmperpertaapop
1073 4218 1180 4344 iprgrrlIiI.I
1212 4296 1263 4344 33

117 4311 143 4349 1e
182 4313 192 4348 1
220 4311 271 4351 en.
1060 4332 1065 4344 .
1185 4333 1192 4358 ,
1231 4332 1237 4355 ,
1266 4330 1273 4345 .
