2790 4882
122 228 165 290 32
283 279 289 287 ,
362 212 363 217 ‘
463 190 753 276 rusenusnuus,
790 218 867 274 ose.
886 226 911 274 4.
931 225 955 274 a

122 387 280 470 signoque
300 384 445 448 detracto
465 383 633 468 cognovit,
651 383 677 447 si
694 382 897 466 pertulisset,
916 381 979 447 sibi
999 404 1070 446 esse
1088 382 1302 466 pereundum.

86 487 102 534 s
122 474 227 538 Erant
249 474 282 536 in
307 472 420 537 eadem
444 472 599 556 epistula,
627 493 708 556 quae
732 471 772 535 ad
796 493 834 535 ea
857 470 1077 555 pertinebant,
1106 491 1189 555 quae
1212 469 1303 536 inter

122 582 232 645 regem
262 559 521 644 Pausaniamque
553 564 778 624 convenerant.
823 559 892 624 Has
920 560 977 624 ille
1005 559 1133 623 litteras
1167 559 1301 643 ephoris

86 651 265 715 stradidit.
319 649 395 714 Non
430 654 481 713 est
517 647 753 731 praetereunda
789 649 934 733 gravitas
966 647 1302 712 Lacedaemoniorum

121 740 184 803 hoc
213 739 294 803 loco.
344 735 429 802 Nam
461 759 502 801 ne
532 738 629 802 huius
662 737 790 821 quidem
822 737 941 801 indicio
974 736 1108 820 impulsi
1141 741 1233 819 sunt,
1263 740 1302 801 ut

121 826 317 891 Pausaniam
356 827 678 910 comprehenderent,
715 847 819 909 neque
851 825 940 908 prius
976 825 1042 890 vim
1081 817 1300 891 adhibendam

85 930 103 976 4
122 918 332 1000 putaverunt,
356 937 453 999 quam
477 937 511 978 se
534 915 605 999 ipse
628 915 812 978 indicasset.
852 913 967 997 Itaque
989 913 1067 978 huic
1084 913 1197 998 indici,
1221 914 1301 998 quid

122 1004 192 1068 fieri
215 1004 350 1085 vellent,
373 1008 614 1086 praeceperunt.
656 1003 779 1067 Fanum
799 1001 945 1086 Neptuni
969 1006 1020 1066 est
1038 1001 1188 1086 Taentri,
1212 1003 1301 1087 quod

121 1093 239 1156 violari
268 1093 360 1156 nefas
390 1095 508 1175 putant
532 1092 655 1156 Graeci.
700 1091 749 1154 Eo
773 1091 829 1155 ille
853 1091 1000 1173 confugit
1022 1091 1056 1155 in
1079 1113 1199 1175 araque
1223 1113 1299 1156 oon·

123 1181 217 1245 sedit.
261 1180 355 1244 Hanc
384 1181 476 1244 iuxta
502 1180 607 1244 locum
637 1180 784 1244 fecerunt
812 1181 872 1243 sub
900 1183 1000 1264 terre,
1028 1202 1067 1244 ex
1096 1202 1160 1263 quo
1187 1184 1301 1264 posset

123 1268 241 1354 audiri,
265 1269 293 1333 si
317 1268 390 1352 quis
414 1269 490 1352 quid
514 1270 702 1352 loqueretur
724 1290 798 1332 cum
823 1268 961 1352 Argilio.
1007 1268 1079 1333 Huc
1103 1290 1141 1332 ex
1166 1267 1300 1350 ephoris

87 1357 253 1441 aquidam
287 1357 529 1422 descenderunt.
579 1356 772 1440 Pausanias,
804 1361 841 1420 ut
872 1357 996 1421 audivit
1024 1357 1190 1439 Argilium
1226 1378 1301 1422 oon·

122 1447 246 1530 fugisse
270 1448 303 1509 in
327 1469 432 1527 aram,
455 1447 664 1528 perturbatus
689 1446 780 1510 venit
803 1467 850 1509 e0.
896 1444 997 1521 Quem
1022 1467 1094 1509 eum
1118 1444 1300 1529 supplicem

122 1534 173 1599 dei
197 1535 321 1599 videret
344 1536 377 1599 in
398 1557 455 1599 ara
478 1535 658 1619 sedentem,
682 1535 823 1619 quaerit,
846 1555 963 1598 causae
987 1534 1063 1617 quid
1088 1535 1132 1597 sit
1154 1541 1224 1598 tam
1249 1557 1299 1599 re-

122 1623 248 1707 pentini
267 1624 404 1689 consilii.
445 1622 531 1687 Huic
548 1623 619 1708 ille,
643 1623 721 1707 quid
739 1645 778 1687 ex
796 1623 916 1686 litteris
935 1623 1160 1707 comperisset,
1185 1623 1302 1708 aperit.

85 1727 102 1773 6
122 1711 219 1777 Modo
238 1713 344 1798 magis
363 1711 542 1776 Pausanias
566 1712 773 1795 perturbatus
797 1733 890 1776 orare
909 1710 1028 1795 coepit,
1051 1733 1092 1774 ne
1112 1712 1301 1776 enuntiaret

121 1823 181 1866 neo
200 1823 248 1882 se,
272 1801 424 1865 meritum
444 1800 482 1863 de
500 1800 559 1864 illo
579 1801 716 1884 optime,
738 1801 901 1884 proderet:
926 1800 1011 1883 quod
1030 1800 1059 1864 si
1078 1821 1149 1864 eam
1168 1800 1300 1864 veniam

123 1889 185 1952 sibi
214 1889 356 1952 dedisset
383 1889 549 1971 tantisque
577 1889 780 1973 implicatum
807 1889 904 1952 rebus
934 1889 1147 1971 sublevasset,
1178 1911 1299 1975 magno

123 1978 153 2041 ei
175 1976 319 2061 praemio
342 1977 497 2040 futurum.

211 2083 241 2146 b.
274 2081 335 2146 His
359 2082 456 2146 rebus
482 2082 594 2168 ephori
613 2083 755 2168 cognitis
775 2083 878 2147 satius
897 2087 1053 2167 putarunt
1071 2082 1106 2145 in
1123 2083 1204 2147 urbe
1223 2105 1299 2148 eum

122 2170 359 2255 comprehendi.
405 2170 572 2247 Quocum
596 2177 704 2236 essent
728 2172 882 2256 profecti,
909 2178 942 2236 et
965 2171 1143 2235 Pausanias
1167 2172 1299 2255 placato

121 2259 263 2345 Argilio,
296 2263 333 2323 ut
360 2260 513 2345 putabat,
544 2260 816 2325 Lacedaemonem
848 2264 1077 2343 reverteretur,
1109 2260 1143 2323 in
1171 2260 1300 2345 itinere,

121 2469 179 2522 und
202 2470 252 2523 der
274 2469 370 2523 Faden
394 2470 620 2538 durohgezogem
646 2486 682 2523 an
736 2469 830 2523 Dativ.
864 2501 896 2509 --
929 2471 1074 2537 sedentem,
1109 2468 1149 2522 im
1182 2468 1214 2524 D.
1249 2469 1300 2524 der

122 2540 178 2592 den
213 2540 550 2609 zusammengelrm'ipftcn
584 2540 683 2595 Enden
736 2541 814 2594 Infin.
851 2540 908 2593 Der
926 2540 1058 2594 Lateiner
1078 2539 1229 2594 verbindet
1252 2539 1300 2594 die

121 2609 273 2677 befestigte
292 2627 358 2663 man
377 2611 427 2662 das
447 2610 541 2675 Siegel
560 2627 603 2679 so,
626 2609 682 2664 dall
736 2611 830 2665 Verba
866 2611 917 2666 der
952 2611 1109 2665 sinnlichen
1140 2611 1299 2666 Wahrneh-

121 2696 187 2732 man
214 2678 296 2732 einen
324 2679 387 2733 Teil
416 2679 466 2743 der
493 2681 598 2747 Masse,
630 2681 684 2734 mit
736 2699 820 2750 mung
857 2683 958 2751 (video,
995 2684 1200 2738 animadverto·
1217 2684 1299 2752 usw.)

122 2749 244 2804 welcher
275 2767 340 2803 man
372 2749 502 2819 siegelte,
541 2751 682 2821 darunter,
737 2752 790 2806 mit
821 2753 884 2807 dem
911 2753 1105 2822 Par-tizipium,
1140 2769 1224 2807 wenn
1253 2753 1299 2807 die

122 2821 205 2874 einen
224 2820 331 2873 andern
349 2821 529 2890 darsuflegte
550 2823 608 2876 und
625 2841 684 2876 nun
736 2823 812 2893 Lage
841 2824 909 2877 oder
936 2825 986 2878 der
1011 2824 1146 2892 Zustand,
1175 2824 1205 2876 in
1233 2824 1299 2878 wel·

122 2892 172 2944 das
193 2891 287 2960 Siegel
305 2892 480 2947 aufdrr'iokte.
737 2895 818 2948 chem
845 2913 911 2948 man
943 2895 989 2950 die
1015 2895 1165 2964 boteiligte
1192 2894 1300 2949 Person

153 2963 288 3032 perferre,
322 2962 367 3016 die
396 2963 477 3033 Prtp.
504 2963 606 3018 drfiokt
632 2981 682 3018 aus
737 2966 805 3020 oder
819 2966 910 3020 Saehe
923 2965 1113 3034 wahrnimmt,
1132 2965 1301 3022 bezeichnet

121 3029 167 3087 ‘an
195 3033 249 3087 den
275 3033 326 3088 ore
353 3034 444 3088 seiner
471 3032 682 3106 Bestimmung’,
737 3038 850 3092 werden
868 3038 929 3091 soll.

122 3122 143 3159 s.
162 3123 196 3159 au
214 3122 270 3160 mom
284 3107 400 3175 pertulit
418 3107 470 3174 ΙΙΙ,
492 3114 515 3174 1,
526 3113 550 3161 5·
772 3133 870 3172 cumae
887 3119 968 3186 qaid,
994 3117 1081 3186 genit.
1100 3115 1210 3187 partit,
1230 3116 1299 3170 wir?

159 3181 184 3231 2·
208 3184 299 3245 erant,
313 3195 382 3246 qaae
394 3172 530 3245 ‘Sachfflu
546 3175 608 3246 ὥθ’,
624 3179 681 3246 vssl·
773 3212 797 3260 e.
823 3206 906 3260 ma
924 3205 985 3258 mer
999 3205 1030 3258 sn
1044 3205 1166 3258 seltener
1178 3205 1297 3260 sedeur.

121 3248 281 3373 2113vaAE
295 3250 519 3387 fffiiisqsgipeggm
546 3337 597 3375 m
624 3318 683 3373 ,m
736 3274 830 3344 seta,
849 3272 992 3345 agrees,
1016 3276 1058 3329 au
1078 3293 1108 3330 er
1124 3276 1210 3330 nami.
1223 3275 1298 3344 hart,

121 3387 253 3441 kommen
271 3387 340 3440 uber
359 3391 445 3442 etwas
464 3388 598 3446 liberein’.

158 3463 182 3510 3.
218 3459 341 3527 pravitas
373 3456 615 3516 ‘Besonnenheit'.
647 3492 681 3501 -

120 3529 171 3582 boc
188 3528 245 3582 loco
263 3525 322 3580 ‘bei
341 3528 433 3583 dieser
452 3529 657 3599 Gelegenheit’.

157 3604 182 3652 4.
205 3600 267 3666 pleri
279 3599 388 3668 vellem,
407 3601 555 3655 Ausdruek
569 3601 619 3655 des
633 3620 681 3672 ge·

121 3686 267 3724 messenen
290 3670 403 3726 Befehls
429 3669 558 3741 (gethan
581 3672 682 3727 wissen

121 3737 268 3811 wollten').
285 3774 317 3799 ,-
336 3744 449 3810 violari,
466 3743 505 3797 im
521 3743 552 3797 D.
568 3744 618 3797 der
631 3744 680 3799 inf.

736 3344 793 3400 dall
813 3347 863 3402 der
876 3346 999 3416 Argilier
1017 3347 1090 3400 auch
1109 3345 1207 3402 seinen
1221 3345 1302 3401 Brief

736 3417 849 3486 gelesen
868 3418 956 3472 hatte.
1132 3497 1138 3508 Ι

737 3497 1299 3635 eeltdllzlsllltlllldssl32

735 3638 1024 3708 Vervollstdndigung
1050 3640 1099 3694 des
1118 3657 1151 3694 m
1169 3641 1297 3694 camela-

734 3715 788 3776 m,
807 3710 894 3764 daher
913 3711 990 3764 steht
1006 3728 1104 3781 meque,
1122 3710 1204 3764 nieht
1218 3728 1299 3779 neom

121 3815 176 3868 act,
213 3811 269 3867 Der
292 3811 424 3868 Lateiner
449 3815 578 3884 dagegen
603 3817 680 3884 setzt,
735 3781 792 3850 vgl'
812 3780 868 3835 01⁰·
889 3782 924 3836 de
944 3782 1060 3865 ⁰ffi⁰·.1'
1081 3789 1128 3837 9¹²
1148 3783 1299 3866 meildum

121 3899 165 3938 wo
182 3882 250 3937 usn
272 3884 396 3952 thetiges
416 3885 536 3955 Subjekt
557 3890 683 3956 genennt
735 3859 786 3919 ‘d’
805 3869 839 3907 ΙΙ
856 3854 1076 3937 “mmm
1093 3854 1300 3936 patefaciamus

121 3953 170 4018 ist,
197 3954 252 4009 den
277 3953 327 4009 inf,
346 3972 420 4025 pas,
443 3988 479 3997 -
503 3959 583 4026 msa,
607 3975 627 4014 Β,
648 3976 690 4012 Μ,
735 3940 816 3978 aures
834 3925 1012 3979 mercedulam
1030 3941 1231 3979 mssemomm.

120 4023 302 4092 XXV‚17‚2‚
771 4005 881 4073 quodsi
898 4004 1001 4073 km'ipft
1020 4005 1074 4058 den
1090 4003 1155 4058 Sata
1174 4004 1217 4058 als
1234 4003 1298 4059 eine

157 4095 242 4151 Hane
255 4098 349 4165 iacta,
363 4099 595 4167 ungewbhnliche
610 4100 681 4155 Stel·
734 4074 894 4163 P⁰lge¹¹¹n3
920 4091 956 4128 ²¹¹
979 4075 1030 4164 ,das
1049 4074 1297 4160 V⁰¹llergeh⁰¹id⁰’

121 4165 198 4234 lang.
221 4168 342 4233 Andere
361 4168 502 4239 Beispiele
521 4189 542 4225 s.
557 4170 597 4224 im
610 4172 680 4241 Reg.
743 4161 824 4227 wenn
839 4145 994 4201 demum·
1009 4178 1042 4187 ““
1061 4163 1170 4203 ”emam
1183 4148 1299 4203 mm

121 4238 204 4291 unter
222 4237 407 4309 Prdpositiom
735 4232 788 4269 ΜΘ
807 4216 846 4284 Π*
868 4223 944 4283 1⁰2¹·

157 4313 181 4361 5.
218 4312 367 4379 supplicem
389 4313 446 4378 dei,
472 4311 522 4366 das
547 4312 682 4383 Adjektiv
771 4313 800 4369 5.
839 4321 863 4370 1.
892 4317 1080 4385 comprehendi
1097 4316 1155 4369 und
1174 4316 1300 4371 nschher

120 4379 235 4447 supplem
257 4382 408 4438 verbindet
425 4381 522 4438 Cicero
545 4382 599 4439 mit
617 4384 682 4438 dem
735 4386 877 4440 admoneri
894 4403 916 4442 s.
935 4405 968 4440 zu
986 4388 1087 4442 violari
1105 4393 1130 4455 4,
1140 4393 1165 4441 4.
