<?xml version="1.0" encoding="UTF-8"?>
<!DOCTYPE html PUBLIC "-//W3C//DTD XHTML 1.0 Transitional//EN"
    "http://www.w3.org/TR/xhtml1/DTD/xhtml1-transitional.dtd">
<html xmlns="http://www.w3.org/1999/xhtml" xml:lang="en" lang="en">
 <head>
  <title>
</title>
<meta http-equiv="Content-Type" content="text/html;charset=utf-8" />
  <meta name='ocr-system' content='tesseract 3.04.00' />
  <meta name='ocr-capabilities' content='ocr_page ocr_carea ocr_par ocr_line ocrx_word'/>
</head>
<body>
  <div class='ocr_page' id='page_1' title='image "./corneliusneposf00jancgoog_0104.png"; bbox 0 0 2790 4882; ppageno 0'>
   <div class='ocr_carea' id='block_1_1' title="bbox 125 251 997 326">
    <p class='ocr_par' dir='ltr' id='par_1_1' title="bbox 125 251 997 326">
     <span class='ocr_line' id='line_1_1' title="bbox 125 251 997 326; baseline 0.001 -19"><span class='ocrx_word' id='word_1_1' title='bbox 125 261 169 326; x_wconf 78' lang='lat'>90</span> <span class='ocrx_word' id='word_1_2' title='bbox 432 255 491 310; x_wconf 82' lang='lat' dir='ltr'>xv.</span> <span class='ocrx_word' id='word_1_3' title='bbox 520 252 792 309; x_wconf 71' lang='lat' dir='ltr'>scammoneae.</span> <span class='ocrx_word' id='word_1_4' title='bbox 829 251 908 310; x_wconf 74' lang='lat' dir='ltr'>cre.</span> <span class='ocrx_word' id='word_1_5' title='bbox 927 261 953 309; x_wconf 87' lang='lat'>4.</span> <span class='ocrx_word' id='word_1_6' title='bbox 973 260 997 308; x_wconf 84' lang='lat' dir='ltr'>c.</span> 
     </span>
    </p>
   </div>
   <div class='ocr_carea' id='block_1_2' title="bbox 86 417 1309 2194">
    <p class='ocr_par' dir='ltr' id='par_1_2' title="bbox 86 417 1309 2194">
     <span class='ocr_line' id='line_1_2' title="bbox 87 417 1309 502; baseline 0.002 -22"><span class='ocrx_word' id='word_1_7' title='bbox 87 420 221 485; x_wconf 81' lang='lat' dir='ltr'>4Hunc</span> <span class='ocrx_word' id='word_1_8' title='bbox 250 418 433 484; x_wconf 85' lang='lat' dir='ltr'><strong>Diomedon</strong></span> <span class='ocrx_word' id='word_1_9' title='bbox 465 440 538 482; x_wconf 90' lang='lat' dir='ltr'>cum</span> <span class='ocrx_word' id='word_1_10' title='bbox 569 421 714 502; x_wconf 83' lang='lat' dir='ltr'>rogaret,</span> <span class='ocrx_word' id='word_1_11' title='bbox 746 420 783 481; x_wconf 92' lang='lat' dir='ltr'>ut</span> <span class='ocrx_word' id='word_1_12' title='bbox 812 421 884 481; x_wconf 88' lang='lat' dir='ltr'>tuto</span> <span class='ocrx_word' id='word_1_13' title='bbox 918 417 1021 482; x_wconf 83' lang='lat' dir='ltr'>exiret</span> <span class='ocrx_word' id='word_1_14' title='bbox 1053 438 1191 502; x_wconf 83' lang='lat' dir='ltr'>suaque,</span> <span class='ocrx_word' id='word_1_15' title='bbox 1223 439 1309 502; x_wconf 85' lang='lat' dir='ltr'>quae</span> 
     </span>
     <span class='ocr_line' id='line_1_3' title="bbox 126 499 1309 593; baseline -0.003 -19"><span class='ocrx_word' id='word_1_16' title='bbox 126 509 296 593; x_wconf 89' lang='lat' dir='ltr'>attulerat,</span> <span class='ocrx_word' id='word_1_17' title='bbox 319 508 433 573; x_wconf 88' lang='lat' dir='ltr'>liceret</span> <span class='ocrx_word' id='word_1_18' title='bbox 451 506 576 571; x_wconf 85' lang='lat' dir='ltr'>efferre:</span> <span class='ocrx_word' id='word_1_19' title='bbox 591 502 701 572; x_wconf 83' lang='lat' dir='ltr'>‘Istud</span> <span class='ocrx_word' id='word_1_20' title='bbox 721 501 876 590; x_wconf 89' lang='lat' dir='ltr'>quidem’,</span> <span class='ocrx_word' id='word_1_21' title='bbox 899 499 1176 592; x_wconf 80' lang='lat' dir='ltr'>inquit,‘faciam,</span> <span class='ocrx_word' id='word_1_22' title='bbox 1200 527 1309 591; x_wconf 89' lang='lat' dir='ltr'>neque</span> 
     </span>
     <span class='ocr_line' id='line_1_4' title="bbox 126 595 1308 681; baseline -0.003 -18"><span class='ocrx_word' id='word_1_23' title='bbox 126 605 183 663; x_wconf 90' lang='lat' dir='ltr'>tua</span> <span class='ocrx_word' id='word_1_24' title='bbox 211 620 307 663; x_wconf 84' lang='lat' dir='ltr'>causa</span> <span class='ocrx_word' id='word_1_25' title='bbox 335 596 392 662; x_wconf 90' lang='lat' dir='ltr'>sed</span> <span class='ocrx_word' id='word_1_26' title='bbox 419 618 505 681; x_wconf 89' lang='lat' dir='ltr'>mea,</span> <span class='ocrx_word' id='word_1_27' title='bbox 532 618 587 680; x_wconf 90' lang='lat' dir='ltr'>ne,</span> <span class='ocrx_word' id='word_1_28' title='bbox 615 595 643 661; x_wconf 91' lang='lat' dir='ltr'>si</span> <span class='ocrx_word' id='word_1_29' title='bbox 666 595 729 659; x_wconf 88' lang='lat' dir='ltr'>tibi</span> <span class='ocrx_word' id='word_1_30' title='bbox 757 596 801 659; x_wconf 89' lang='lat' dir='ltr'>sit</span> <span class='ocrx_word' id='word_1_31' title='bbox 823 595 961 678; x_wconf 90' lang='lat' dir='ltr'>pecunia</span> <span class='ocrx_word' id='word_1_32' title='bbox 989 595 1156 681; x_wconf 87' lang='lat' dir='ltr'>adempta,</span> <span class='ocrx_word' id='word_1_33' title='bbox 1185 595 1308 680; x_wconf 83' lang='lat' dir='ltr'>aliquis</span> 
     </span>
     <span class='ocr_line' id='line_1_5' title="bbox 127 683 1308 771; baseline -0.002 -21"><span class='ocrx_word' id='word_1_34' title='bbox 127 687 226 771; x_wconf 66' lang='lat' dir='ltr'>(licat,</span> <span class='ocrx_word' id='word_1_35' title='bbox 258 687 292 751; x_wconf 90' lang='lat' dir='ltr'>id</span> <span class='ocrx_word' id='word_1_36' title='bbox 320 686 362 750; x_wconf 88' lang='lat' dir='ltr'>ad</span> <span class='ocrx_word' id='word_1_37' title='bbox 389 707 441 750; x_wconf 91' lang='lat' dir='ltr'>me</span> <span class='ocrx_word' id='word_1_38' title='bbox 469 689 616 769; x_wconf 90' lang='lat' dir='ltr'>ereptum</span> <span class='ocrx_word' id='word_1_39' title='bbox 645 683 844 768; x_wconf 83' lang='lat' dir='ltr'>pervenisse,</span> <span class='ocrx_word' id='word_1_40' title='bbox 877 684 962 768; x_wconf 91' lang='lat' dir='ltr'>quod</span> <span class='ocrx_word' id='word_1_41' title='bbox 991 683 1136 749; x_wconf 90' lang='lat' dir='ltr'>delatum</span> <span class='ocrx_word' id='word_1_42' title='bbox 1159 683 1308 769; x_wconf 87' lang='lat' dir='ltr'>accipere</span> 
     </span>
     <span class='ocr_line' id='line_1_6' title="bbox 88 771 1308 860; baseline -0.003 -19"><span class='ocrx_word' id='word_1_43' title='bbox 88 771 328 841; x_wconf 76' lang='lat' dir='ltr'>euoluissem&#39;.</span> <span class='ocrx_word' id='word_1_44' title='bbox 374 773 491 859; x_wconf 83' lang='lat' dir='ltr'>Aquo</span> <span class='ocrx_word' id='word_1_45' title='bbox 516 796 589 838; x_wconf 92' lang='lat' dir='ltr'>cum</span> <span class='ocrx_word' id='word_1_46' title='bbox 615 773 810 860; x_wconf 73' lang='lat' dir='ltr'>quaesisset,</span> <span class='ocrx_word' id='word_1_47' title='bbox 839 794 904 857; x_wconf 94' lang='lat' dir='ltr'>quo</span> <span class='ocrx_word' id='word_1_48' title='bbox 928 794 963 838; x_wconf 89' lang='lat' dir='ltr'>sc</span> <span class='ocrx_word' id='word_1_49' title='bbox 986 773 1101 839; x_wconf 88' lang='lat' dir='ltr'>deduci</span> <span class='ocrx_word' id='word_1_50' title='bbox 1129 773 1244 854; x_wconf 83' lang='lat' dir='ltr'>vellet,</span> <span class='ocrx_word' id='word_1_51' title='bbox 1273 777 1308 839; x_wconf 90' lang='lat' dir='ltr'>et</span> 
     </span>
     <span class='ocr_line' id='line_1_7' title="bbox 126 861 1308 949; baseline -0.001 -20"><span class='ocrx_word' id='word_1_52' title='bbox 126 865 182 930; x_wconf 92' lang='lat' dir='ltr'>ille</span> <span class='ocrx_word' id='word_1_53' title='bbox 212 865 358 929; x_wconf 86' lang='lat' dir='ltr'>Athenas</span> <span class='ocrx_word' id='word_1_54' title='bbox 391 861 542 949; x_wconf 76' lang='lat' dir='ltr'>dixisset,</span> <span class='ocrx_word' id='word_1_55' title='bbox 573 861 772 947; x_wconf 83' lang='lat' dir='ltr'>praesidium</span> <span class='ocrx_word' id='word_1_56' title='bbox 806 861 908 947; x_wconf 90' lang='lat' dir='ltr'>dedit,</span> <span class='ocrx_word' id='word_1_57' title='bbox 940 866 977 926; x_wconf 88' lang='lat' dir='ltr'>ut</span> <span class='ocrx_word' id='word_1_58' title='bbox 1006 866 1079 928; x_wconf 93' lang='lat' dir='ltr'>tuto</span> <span class='ocrx_word' id='word_1_59' title='bbox 1110 861 1308 947; x_wconf 83' lang='lat' dir='ltr'>perveniret.</span> 
     </span>
     <span class='ocr_line' id='line_1_8' title="bbox 125 951 1308 1038; baseline -0.003 -19"><span class='ocrx_word' id='word_1_60' title='bbox 125 953 241 1038; x_wconf 86' lang='lat' dir='ltr'>Neque</span> <span class='ocrx_word' id='word_1_61' title='bbox 269 974 344 1017; x_wconf 86' lang='lat' dir='ltr'>vero</span> <span class='ocrx_word' id='word_1_62' title='bbox 372 951 406 1016; x_wconf 93' lang='lat' dir='ltr'>id</span> <span class='ocrx_word' id='word_1_63' title='bbox 435 951 516 1017; x_wconf 88' lang='lat' dir='ltr'>setis</span> <span class='ocrx_word' id='word_1_64' title='bbox 544 951 674 1035; x_wconf 90' lang='lat' dir='ltr'>habuit,</span> <span class='ocrx_word' id='word_1_65' title='bbox 702 951 759 1016; x_wconf 90' lang='lat' dir='ltr'>sed</span> <span class='ocrx_word' id='word_1_66' title='bbox 787 952 901 1036; x_wconf 88' lang='lat' dir='ltr'>etiam,</span> <span class='ocrx_word' id='word_1_67' title='bbox 929 955 966 1016; x_wconf 89' lang='lat' dir='ltr'>ut</span> <span class='ocrx_word' id='word_1_68' title='bbox 989 951 1166 1017; x_wconf 87' lang='lat' dir='ltr'>inviolatus</span> <span class='ocrx_word' id='word_1_69' title='bbox 1190 951 1224 1016; x_wconf 91' lang='lat' dir='ltr'>in</span> <span class='ocrx_word' id='word_1_70' title='bbox 1248 973 1308 1016; x_wconf 87' lang='lat' dir='ltr'>na·</span> 
     </span>
     <span class='ocr_line' id='line_1_9' title="bbox 126 1038 1308 1125; baseline -0.002 -18"><span class='ocrx_word' id='word_1_71' title='bbox 126 1063 199 1107; x_wconf 85' lang='lat' dir='ltr'>vem</span> <span class='ocrx_word' id='word_1_72' title='bbox 232 1040 431 1124; x_wconf 70' lang='lat' dir='ltr'>escenderet,</span> <span class='ocrx_word' id='word_1_73' title='bbox 465 1062 524 1124; x_wconf 90' lang='lat' dir='ltr'>per</span> <span class='ocrx_word' id='word_1_74' title='bbox 555 1038 730 1106; x_wconf 80' lang='lat' dir='ltr'>Chabriam</span> <span class='ocrx_word' id='word_1_75' title='bbox 756 1039 1005 1125; x_wconf 81' lang='lat' dir='ltr'>Atheniensem,</span> <span class='ocrx_word' id='word_1_76' title='bbox 1038 1040 1077 1106; x_wconf 91' lang='lat' dir='ltr'>dc</span> <span class='ocrx_word' id='word_1_77' title='bbox 1110 1062 1174 1125; x_wconf 89' lang='lat' dir='ltr'>quo</span> <span class='ocrx_word' id='word_1_78' title='bbox 1206 1061 1308 1125; x_wconf 85' lang='lat' dir='ltr'>supra</span> 
     </span>
     <span class='ocr_line' id='line_1_10' title="bbox 88 1127 1307 1216; baseline -0.002 -21"><span class='ocrx_word' id='word_1_79' title='bbox 88 1148 106 1195; x_wconf 85' lang='lat' dir='ltr'>c</span> <span class='ocrx_word' id='word_1_80' title='bbox 126 1131 325 1196; x_wconf 87' lang='lat' dir='ltr'>mentionem</span> <span class='ocrx_word' id='word_1_81' title='bbox 348 1129 499 1216; x_wconf 86' lang='lat' dir='ltr'>fecimus,</span> <span class='ocrx_word' id='word_1_82' title='bbox 522 1128 637 1194; x_wconf 83' lang='lat' dir='ltr'>effecit.</span> <span class='ocrx_word' id='word_1_83' title='bbox 681 1127 912 1194; x_wconf 81' lang='lat' dir='ltr'>Abstinentiae</span> <span class='ocrx_word' id='word_1_84' title='bbox 935 1130 998 1195; x_wconf 91' lang='lat' dir='ltr'>erit</span> <span class='ocrx_word' id='word_1_85' title='bbox 1019 1129 1082 1194; x_wconf 93' lang='lat' dir='ltr'>hoc</span> <span class='ocrx_word' id='word_1_86' title='bbox 1104 1128 1186 1194; x_wconf 88' lang='lat' dir='ltr'>satis</span> <span class='ocrx_word' id='word_1_87' title='bbox 1210 1129 1307 1195; x_wconf 87' lang='lat' dir='ltr'>testi-</span> 
     </span>
     <span class='ocr_line' id='line_1_11' title="bbox 127 1217 1308 1303; baseline -0.001 -19"><span class='ocrx_word' id='word_1_88' title='bbox 127 1219 281 1284; x_wconf 91' lang='lat' dir='ltr'>monium.</span> <span class='ocrx_word' id='word_1_89' title='bbox 326 1218 472 1283; x_wconf 90' lang='lat' dir='ltr'>Plurima</span> <span class='ocrx_word' id='word_1_90' title='bbox 495 1219 626 1303; x_wconf 89' lang='lat' dir='ltr'>quidem</span> <span class='ocrx_word' id='word_1_91' title='bbox 649 1218 795 1302; x_wconf 88' lang='lat' dir='ltr'>proferre</span> <span class='ocrx_word' id='word_1_92' title='bbox 818 1239 1007 1302; x_wconf 89' lang='lat' dir='ltr'>possumus,</span> <span class='ocrx_word' id='word_1_93' title='bbox 1031 1218 1086 1282; x_wconf 87' lang='lat' dir='ltr'>scd</span> <span class='ocrx_word' id='word_1_94' title='bbox 1110 1217 1226 1284; x_wconf 86' lang='lat' dir='ltr'>modus</span> <span class='ocrx_word' id='word_1_95' title='bbox 1251 1218 1308 1283; x_wconf 91' lang='lat' dir='ltr'>ad·</span> 
     </span>
     <span class='ocr_line' id='line_1_12' title="bbox 126 1306 1309 1393; baseline -0.001 -20"><span class='ocrx_word' id='word_1_96' title='bbox 126 1309 285 1374; x_wconf 89' lang='lat' dir='ltr'>hibendus</span> <span class='ocrx_word' id='word_1_97' title='bbox 314 1313 378 1393; x_wconf 91' lang='lat' dir='ltr'>est,</span> <span class='ocrx_word' id='word_1_98' title='bbox 405 1309 560 1393; x_wconf 91' lang='lat' dir='ltr'>quoniam</span> <span class='ocrx_word' id='word_1_99' title='bbox 590 1329 654 1372; x_wconf 91' lang='lat' dir='ltr'>uno</span> <span class='ocrx_word' id='word_1_100' title='bbox 677 1307 739 1372; x_wconf 92' lang='lat' dir='ltr'>hoc</span> <span class='ocrx_word' id='word_1_101' title='bbox 761 1307 926 1372; x_wconf 82' lang='lat' dir='ltr'>volumine</span> <span class='ocrx_word' id='word_1_102' title='bbox 949 1306 1053 1372; x_wconf 87' lang='lat' dir='ltr'>vitam</span> <span class='ocrx_word' id='word_1_103' title='bbox 1076 1307 1309 1373; x_wconf 88' lang='lat' dir='ltr'>excellentium</span> 
     </span>
     <span class='ocr_line' id='line_1_13' title="bbox 126 1395 1307 1482; baseline -0.001 -20"><span class='ocrx_word' id='word_1_104' title='bbox 126 1397 270 1462; x_wconf 87' lang='lat' dir='ltr'>virorum</span> <span class='ocrx_word' id='word_1_105' title='bbox 294 1397 508 1482; x_wconf 89' lang='lat' dir='ltr'>complurium</span> <span class='ocrx_word' id='word_1_106' title='bbox 532 1397 723 1462; x_wconf 79' lang='lat' dir='ltr'>concludere</span> <span class='ocrx_word' id='word_1_107' title='bbox 745 1395 992 1482; x_wconf 88' lang='lat' dir='ltr'>constituimus,</span> <span class='ocrx_word' id='word_1_108' title='bbox 1017 1417 1156 1481; x_wconf 91' lang='lat' dir='ltr'>quorum</span> <span class='ocrx_word' id='word_1_109' title='bbox 1179 1417 1231 1461; x_wconf 86' lang='lat' dir='ltr'>res</span> <span class='ocrx_word' id='word_1_110' title='bbox 1257 1418 1307 1462; x_wconf 86' lang='lat' dir='ltr'>se·</span> 
     </span>
     <span class='ocr_line' id='line_1_14' title="bbox 125 1484 1308 1573; baseline 0 -22"><span class='ocrx_word' id='word_1_111' title='bbox 125 1487 267 1573; x_wconf 82' lang='lat' dir='ltr'>paratim</span> <span class='ocrx_word' id='word_1_112' title='bbox 290 1486 403 1552; x_wconf 85' lang='lat' dir='ltr'>multis</span> <span class='ocrx_word' id='word_1_113' title='bbox 427 1486 561 1551; x_wconf 89' lang='lat' dir='ltr'>milibus</span> <span class='ocrx_word' id='word_1_114' title='bbox 582 1508 733 1552; x_wconf 83' lang='lat' dir='ltr'>versuum</span> <span class='ocrx_word' id='word_1_115' title='bbox 752 1485 932 1569; x_wconf 79' lang='lat' dir='ltr'>complures</span> <span class='ocrx_word' id='word_1_116' title='bbox 956 1484 1132 1570; x_wconf 81' lang='lat' dir='ltr'>scriptores</span> <span class='ocrx_word' id='word_1_117' title='bbox 1151 1490 1227 1550; x_wconf 87' lang='lat' dir='ltr'>ante</span> <span class='ocrx_word' id='word_1_118' title='bbox 1247 1507 1308 1551; x_wconf 86' lang='lat' dir='ltr'>nos</span> 
     </span>
     <span class='ocr_line' id='line_1_15' title="bbox 127 1577 874 1641; baseline 0 -1"><span class='ocrx_word' id='word_1_119' title='bbox 127 1599 165 1640; x_wconf 86' lang='lat' dir='ltr'>ex</span> <span class='ocrx_word' id='word_1_120' title='bbox 189 1577 338 1641; x_wconf 85' lang='lat' dir='ltr'>licarunt.</span> <span class='ocrx_word' id='word_1_121' title='bbox 868 1585 874 1598; x_wconf 90' lang='lat'>&#39;</span> 
     </span>
     <span class='ocr_line' id='line_1_16' title="bbox 166 1599 1309 1749; baseline -0.002 -19"><span class='ocrx_word' id='word_1_122' title='bbox 166 1599 187 1660; x_wconf 77' lang='lat' dir='ltr'><strong>p</strong></span> <span class='ocrx_word' id='word_1_123' title='bbox 215 1666 245 1730; x_wconf 79' lang='lat'>5.</span> <span class='ocrx_word' id='word_1_124' title='bbox 282 1663 361 1730; x_wconf 85' lang='lat' dir='ltr'>Fuit</span> <span class='ocrx_word' id='word_1_125' title='bbox 389 1663 488 1730; x_wconf 86' lang='lat' dir='ltr'>etiam</span> <span class='ocrx_word' id='word_1_126' title='bbox 517 1665 673 1749; x_wconf 87' lang='lat' dir='ltr'>disertus,</span> <span class='ocrx_word' id='word_1_127' title='bbox 700 1667 738 1728; x_wconf 92' lang='lat' dir='ltr'>ut</span> <span class='ocrx_word' id='word_1_128' title='bbox 759 1685 856 1729; x_wconf 88' lang='lat' dir='ltr'>nemo</span> <span class='ocrx_word' id='word_1_129' title='bbox 885 1663 915 1727; x_wconf 91' lang='lat' dir='ltr'>ei</span> <span class='ocrx_word' id='word_1_130' title='bbox 939 1663 1112 1729; x_wconf 85' lang='lat' dir='ltr'>Thebanus</span> <span class='ocrx_word' id='word_1_131' title='bbox 1136 1684 1196 1749; x_wconf 90' lang='lat' dir='ltr'>par</span> <span class='ocrx_word' id='word_1_132' title='bbox 1218 1668 1309 1729; x_wconf 88' lang='lat' dir='ltr'>esset</span> 
     </span>
     <span class='ocr_line' id='line_1_17' title="bbox 127 1751 1309 1840; baseline -0.002 -21"><span class='ocrx_word' id='word_1_133' title='bbox 127 1754 329 1840; x_wconf 89' lang='lat' dir='ltr'>eloquentia,</span> <span class='ocrx_word' id='word_1_134' title='bbox 360 1776 464 1838; x_wconf 91' lang='lat' dir='ltr'>neque</span> <span class='ocrx_word' id='word_1_135' title='bbox 492 1753 600 1817; x_wconf 88' lang='lat' dir='ltr'>minus</span> <span class='ocrx_word' id='word_1_136' title='bbox 633 1753 808 1818; x_wconf 90' lang='lat' dir='ltr'>concinnus</span> <span class='ocrx_word' id='word_1_137' title='bbox 838 1752 872 1816; x_wconf 90' lang='lat' dir='ltr'>in</span> <span class='ocrx_word' id='word_1_138' title='bbox 900 1752 1061 1817; x_wconf 83' lang='lat' dir='ltr'>brevitate</span> <span class='ocrx_word' id='word_1_139' title='bbox 1088 1751 1309 1836; x_wconf 83' lang='lat' dir='ltr'>respondendi</span> 
     </span>
     <span class='ocr_line' id='line_1_18' title="bbox 86 1841 1309 1928; baseline 0 -22"><span class='ocrx_word' id='word_1_140' title='bbox 86 1859 225 1928; x_wconf 79' lang='lat' dir='ltr'>aquam</span> <span class='ocrx_word' id='word_1_141' title='bbox 257 1844 291 1907; x_wconf 93' lang='lat' dir='ltr'>in</span> <span class='ocrx_word' id='word_1_142' title='bbox 323 1845 481 1928; x_wconf 89' lang='lat' dir='ltr'>perpetua</span> <span class='ocrx_word' id='word_1_143' title='bbox 513 1842 661 1907; x_wconf 83' lang='lat' dir='ltr'>oratione</span> <span class='ocrx_word' id='word_1_144' title='bbox 694 1844 839 1906; x_wconf 90' lang='lat' dir='ltr'>ornatus.</span> <span class='ocrx_word' id='word_1_145' title='bbox 892 1841 1019 1906; x_wconf 89' lang='lat' dir='ltr'>Habuit</span> <span class='ocrx_word' id='word_1_146' title='bbox 1051 1841 1309 1907; x_wconf 88' lang='lat' dir='ltr'>obtrectatorem</span> 
     </span>
     <span class='ocr_line' id='line_1_19' title="bbox 126 1929 1308 2015; baseline 0 -20"><span class='ocrx_word' id='word_1_147' title='bbox 126 1931 338 1996; x_wconf 79' lang='lat' dir='ltr'>Meneclidem</span> <span class='ocrx_word' id='word_1_148' title='bbox 362 1929 536 2015; x_wconf 86' lang='lat' dir='ltr'>quendem,</span> <span class='ocrx_word' id='word_1_149' title='bbox 559 1929 703 1994; x_wconf 89' lang='lat' dir='ltr'>indidem</span> <span class='ocrx_word' id='word_1_150' title='bbox 727 1929 863 2015; x_wconf 82' lang='lat' dir='ltr'>Thebis,</span> <span class='ocrx_word' id='word_1_151' title='bbox 891 1934 925 1995; x_wconf 90' lang='lat' dir='ltr'>et</span> <span class='ocrx_word' id='word_1_152' title='bbox 947 1930 1169 1995; x_wconf 88' lang='lat' dir='ltr'>adversarium</span> <span class='ocrx_word' id='word_1_153' title='bbox 1192 1930 1226 1995; x_wconf 90' lang='lat' dir='ltr'>in</span> <span class='ocrx_word' id='word_1_154' title='bbox 1251 1930 1308 1995; x_wconf 83' lang='lat' dir='ltr'>ad·</span> 
     </span>
     <span class='ocr_line' id='line_1_20' title="bbox 127 2018 1308 2104; baseline 0 -20"><span class='ocrx_word' id='word_1_155' title='bbox 127 2019 341 2085; x_wconf 83' lang='lat' dir='ltr'>ministranda</span> <span class='ocrx_word' id='word_1_156' title='bbox 360 2041 395 2084; x_wconf 90' lang='lat' dir='ltr'>rc</span> <span class='ocrx_word' id='word_1_157' title='bbox 414 2018 557 2104; x_wconf 88' lang='lat' dir='ltr'>publica,</span> <span class='ocrx_word' id='word_1_158' title='bbox 577 2019 657 2084; x_wconf 89' lang='lat' dir='ltr'>satis</span> <span class='ocrx_word' id='word_1_159' title='bbox 677 2019 889 2084; x_wconf 87' lang='lat' dir='ltr'>exercitatum</span> <span class='ocrx_word' id='word_1_160' title='bbox 907 2020 942 2083; x_wconf 90' lang='lat' dir='ltr'>in</span> <span class='ocrx_word' id='word_1_161' title='bbox 961 2019 1110 2104; x_wconf 89' lang='lat' dir='ltr'>dicendo,</span> <span class='ocrx_word' id='word_1_162' title='bbox 1127 2021 1166 2083; x_wconf 89' lang='lat' dir='ltr'>ut</span> <span class='ocrx_word' id='word_1_163' title='bbox 1179 2018 1308 2085; x_wconf 81' lang='lat' dir='ltr'>Theba·</span> 
     </span>
     <span class='ocr_line' id='line_1_21' title="bbox 126 2107 1309 2194; baseline 0 -21"><span class='ocrx_word' id='word_1_164' title='bbox 126 2131 204 2173; x_wconf 90' lang='lat' dir='ltr'>num</span> <span class='ocrx_word' id='word_1_165' title='bbox 224 2108 360 2174; x_wconf 87' lang='lat' dir='ltr'>scilicet:</span> <span class='ocrx_word' id='word_1_166' title='bbox 379 2129 518 2193; x_wconf 88' lang='lat' dir='ltr'>nemque</span> <span class='ocrx_word' id='word_1_167' title='bbox 537 2108 587 2173; x_wconf 93' lang='lat' dir='ltr'>illi</span> <span class='ocrx_word' id='word_1_168' title='bbox 606 2108 699 2194; x_wconf 82' lang='lat' dir='ltr'>genti</span> <span class='ocrx_word' id='word_1_169' title='bbox 717 2107 791 2193; x_wconf 84' lang='lat' dir='ltr'>plus</span> <span class='ocrx_word' id='word_1_170' title='bbox 810 2107 897 2172; x_wconf 88' lang='lat' dir='ltr'>inest</span> <span class='ocrx_word' id='word_1_171' title='bbox 915 2107 1036 2173; x_wconf 82' lang='lat' dir='ltr'>virium</span> <span class='ocrx_word' id='word_1_172' title='bbox 1055 2129 1153 2192; x_wconf 90' lang='lat' dir='ltr'>quam</span> <span class='ocrx_word' id='word_1_173' title='bbox 1172 2107 1309 2192; x_wconf 83' lang='lat' dir='ltr'>ingenii.</span> 
     </span>
    </p>
   </div>
   <div class='ocr_carea' id='block_1_3' title="bbox 123 2299 690 4509">
    <p class='ocr_par' dir='ltr' id='par_1_3' title="bbox 125 2299 690 2782">
     <span class='ocr_line' id='line_1_22' title="bbox 161 2299 687 2372; baseline 0.002 -17"><span class='ocrx_word' id='word_1_174' title='bbox 161 2308 187 2357; x_wconf 98' lang='lat'>4.</span> <span class='ocrx_word' id='word_1_175' title='bbox 220 2302 318 2370; x_wconf 75' lang='lat' dir='ltr'>exiret,</span> <span class='ocrx_word' id='word_1_176' title='bbox 351 2299 570 2372; x_wconf 80' lang='lat' dir='ltr'>cigentdmlichc</span> <span class='ocrx_word' id='word_1_177' title='bbox 597 2300 687 2356; x_wconf 81' lang='lat' dir='ltr'>Ktirze</span> 
     </span>
     <span class='ocr_line' id='line_1_23' title="bbox 125 2371 687 2441; baseline 0 -15"><span class='ocrx_word' id='word_1_178' title='bbox 125 2373 177 2428; x_wconf 88' lang='lat' dir='ltr'>des</span> <span class='ocrx_word' id='word_1_179' title='bbox 194 2372 371 2441; x_wconf 77' lang='lat' dir='ltr'>Ausdruclrs,</span> <span class='ocrx_word' id='word_1_180' title='bbox 394 2372 490 2428; x_wconf 85' lang='lat' dir='ltr'>iudom</span> <span class='ocrx_word' id='word_1_181' title='bbox 510 2389 575 2426; x_wconf 89' lang='lat' dir='ltr'>man</span> <span class='ocrx_word' id='word_1_182' title='bbox 593 2371 687 2440; x_wconf 85' lang='lat' dir='ltr'>bittet,</span> 
     </span>
     <span class='ocr_line' id='line_1_24' title="bbox 127 2443 689 2512; baseline 0.002 -15"><span class='ocrx_word' id='word_1_183' title='bbox 127 2443 183 2498; x_wconf 85' lang='lat' dir='ltr'>dell</span> <span class='ocrx_word' id='word_1_184' title='bbox 210 2461 276 2498; x_wconf 91' lang='lat' dir='ltr'>man</span> <span class='ocrx_word' id='word_1_185' title='bbox 304 2447 391 2499; x_wconf 88' lang='lat' dir='ltr'>etwas</span> <span class='ocrx_word' id='word_1_186' title='bbox 419 2444 499 2512; x_wconf 89' lang='lat' dir='ltr'>thue,</span> <span class='ocrx_word' id='word_1_187' title='bbox 536 2445 605 2499; x_wconf 91' lang='lat' dir='ltr'>oder</span> <span class='ocrx_word' id='word_1_188' title='bbox 632 2443 689 2498; x_wconf 83' lang='lat' dir='ltr'>dass</span> 
     </span>
     <span class='ocr_line' id='line_1_25' title="bbox 126 2515 689 2583; baseline 0.002 -15"><span class='ocrx_word' id='word_1_189' title='bbox 126 2518 213 2569; x_wconf 80' lang='lat' dir='ltr'>etwas</span> <span class='ocrx_word' id='word_1_190' title='bbox 232 2515 386 2583; x_wconf 85' lang='lat' dir='ltr'>geschehe,</span> <span class='ocrx_word' id='word_1_191' title='bbox 411 2531 467 2569; x_wconf 85' lang='lat' dir='ltr'>was</span> <span class='ocrx_word' id='word_1_192' title='bbox 490 2533 543 2570; x_wconf 90' lang='lat' dir='ltr'>nur</span> <span class='ocrx_word' id='word_1_193' title='bbox 568 2515 621 2570; x_wconf 86' lang='lat' dir='ltr'>mit</span> <span class='ocrx_word' id='word_1_194' title='bbox 640 2516 689 2570; x_wconf 89' lang='lat' dir='ltr'>der</span> 
     </span>
     <span class='ocr_line' id='line_1_26' title="bbox 125 2584 689 2656; baseline 0 -17"><span class='ocrx_word' id='word_1_195' title='bbox 125 2584 275 2639; x_wconf 83' lang='lat' dir='ltr'>Erlaubnis</span> <span class='ocrx_word' id='word_1_196' title='bbox 301 2585 350 2639; x_wconf 87' lang='lat' dir='ltr'>des</span> <span class='ocrx_word' id='word_1_197' title='bbox 375 2585 539 2641; x_wconf 80' lang='lat' dir='ltr'>Gebetenen</span> <span class='ocrx_word' id='word_1_198' title='bbox 563 2586 689 2656; x_wconf 78' lang='lat' dir='ltr'>mdglich</span> 
     </span>
     <span class='ocr_line' id='line_1_27' title="bbox 126 2653 690 2724; baseline 0.004 -15"><span class='ocrx_word' id='word_1_199' title='bbox 126 2655 209 2724; x_wconf 84' lang='lat' dir='ltr'>wird,</span> <span class='ocrx_word' id='word_1_200' title='bbox 229 2655 391 2710; x_wconf 77' lang='lat' dir='ltr'>also=‘dail</span> <span class='ocrx_word' id='word_1_201' title='bbox 410 2673 441 2710; x_wconf 85' lang='lat' dir='ltr'>er·</span> <span class='ocrx_word' id='word_1_202' title='bbox 458 2687 493 2698; x_wconf 86' lang='lat'>-</span> <span class='ocrx_word' id='word_1_203' title='bbox 512 2653 603 2712; x_wconf 83' lang='lat' dir='ltr'>dflrfe’</span> <span class='ocrx_word' id='word_1_204' title='bbox 621 2659 690 2713; x_wconf 89' lang='lat' dir='ltr'>oder</span> 
     </span>
     <span class='ocr_line' id='line_1_28' title="bbox 125 2725 471 2782; baseline 0.003 -1"><span class='ocrx_word' id='word_1_205' title='bbox 125 2725 192 2781; x_wconf 81' lang='lat' dir='ltr'>‘dail</span> <span class='ocrx_word' id='word_1_206' title='bbox 211 2743 241 2781; x_wconf 90' lang='lat' dir='ltr'>er</span> <span class='ocrx_word' id='word_1_207' title='bbox 258 2727 309 2782; x_wconf 88' lang='lat' dir='ltr'>ihn</span> <span class='ocrx_word' id='word_1_208' title='bbox 328 2757 361 2769; x_wconf 89' lang='lat'><em>-</em></span> <span class='ocrx_word' id='word_1_209' title='bbox 379 2725 471 2782; x_wconf 87' lang='lat' dir='ltr'>lasse’.</span> 
     </span>
    </p>

    <p class='ocr_par' dir='ltr' id='par_1_4' title="bbox 123 2796 690 3508">
     <span class='ocr_line' id='line_1_29' title="bbox 161 2796 690 2868; baseline 0.002 -14"><span class='ocrx_word' id='word_1_210' title='bbox 161 2815 227 2865; x_wconf 78' lang='lat' dir='ltr'>sce,</span> <span class='ocrx_word' id='word_1_211' title='bbox 245 2815 315 2868; x_wconf 77' lang='lat' dir='ltr'>quoe</span> <span class='ocrx_word' id='word_1_212' title='bbox 329 2800 460 2854; x_wconf 61' lang='lat' dir='ltr'>adamat</span> <span class='ocrx_word' id='word_1_213' title='bbox 477 2796 535 2853; x_wconf 81' lang='lat' dir='ltr'>‘das</span> <span class='ocrx_word' id='word_1_214' title='bbox 554 2815 612 2854; x_wconf 80' lang='lat' dir='ltr'>von</span> <span class='ocrx_word' id='word_1_215' title='bbox 628 2799 690 2855; x_wconf 90' lang='lat' dir='ltr'>ihm</span> 
     </span>
     <span class='ocr_line' id='line_1_30' title="bbox 123 2866 688 2941; baseline 0.007 -18"><span class='ocrx_word' id='word_1_216' title='bbox 123 2866 351 2938; x_wconf 71' lang='lat' dir='ltr'>‘Mitgebrachte&#39;.</span> <span class='ocrx_word' id='word_1_217' title='bbox 382 2870 492 2941; x_wconf 85' lang='lat' dir='ltr'>Wegen</span> <span class='ocrx_word' id='word_1_218' title='bbox 511 2870 560 2926; x_wconf 85' lang='lat' dir='ltr'>des</span> <span class='ocrx_word' id='word_1_219' title='bbox 574 2871 688 2927; x_wconf 81' lang='lat' dir='ltr'>Indike·</span> 
     </span>
     <span class='ocr_line' id='line_1_31' title="bbox 125 2939 688 3026; baseline 0.012 -33"><span class='ocrx_word' id='word_1_220' title='bbox 125 2939 182 2994; x_wconf 85' lang='lat' dir='ltr'>tivs</span> <span class='ocrx_word' id='word_1_221' title='bbox 202 2958 223 2996; x_wconf 84' lang='lat' dir='ltr'>s.</span> <span class='ocrx_word' id='word_1_222' title='bbox 240 2959 280 3026; x_wconf 43' lang='lat' dir='ltr'>zu,</span> <span class='ocrx_word' id='word_1_223' title='bbox 291 2941 339 3010; x_wconf 84' lang='lat' dir='ltr'>IV,</span> <span class='ocrx_word' id='word_1_224' title='bbox 358 2948 410 3012; x_wconf 54' lang='grc' dir='ltr'>λδ</span> <span class='ocrx_word' id='word_1_225' title='bbox 429 2943 467 2998; x_wconf 85' lang='lat' dir='ltr'>cd</span> <span class='ocrx_word' id='word_1_226' title='bbox 484 2960 517 2999; x_wconf 84' lang='lat' dir='ltr'>ea</span> <span class='ocrx_word' id='word_1_227' title='bbox 534 2945 688 3013; x_wconf 76' lang='lat' dir='ltr'>efficiendo,</span> 
     </span>
     <span class='ocr_line' id='line_1_32' title="bbox 124 3015 688 3169; baseline 0.002 -29"><span class='ocrx_word' id='word_1_228' title='bbox 124 3015 377 3155; x_wconf 49' lang='lat' dir='ltr'>mqptsslquqgm</span> <span class='ocrx_word' id='word_1_229' title='bbox 403 3082 470 3168; x_wconf 58' lang='lat' dir='ltr'>swas</span> <span class='ocrx_word' id='word_1_230' title='bbox 502 3086 541 3140; x_wconf 92' lang='lat' dir='ltr'>dn</span> <span class='ocrx_word' id='word_1_231' title='bbox 570 3087 607 3140; x_wconf 86' lang='lat' dir='ltr'>da</span> <span class='ocrx_word' id='word_1_232' title='bbox 630 3086 688 3169; x_wconf 81' lang='lat' dir='ltr'>bit-</span> 
     </span>
     <span class='ocr_line' id='line_1_33' title="bbox 125 3154 688 3222; baseline 0.004 -12"><span class='ocrx_word' id='word_1_233' title='bbox 125 3154 203 3222; x_wconf 84' lang='lat' dir='ltr'>test&#39;;</span> <span class='ocrx_word' id='word_1_234' title='bbox 228 3159 278 3212; x_wconf 77' lang='lat' dir='ltr'>iste</span> <span class='ocrx_word' id='word_1_235' title='bbox 301 3159 379 3213; x_wconf 88' lang='lat' dir='ltr'>steht</span> <span class='ocrx_word' id='word_1_236' title='bbox 401 3175 500 3213; x_wconf 87' lang='lat' dir='ltr'>rmmer</span> <span class='ocrx_word' id='word_1_237' title='bbox 522 3157 553 3212; x_wconf 90' lang='lat' dir='ltr'>in</span> <span class='ocrx_word' id='word_1_238' title='bbox 571 3158 688 3213; x_wconf 84' lang='lat' dir='ltr'>Bezreh·</span> 
     </span>
     <span class='ocr_line' id='line_1_34' title="bbox 126 3217 689 3296; baseline 0.004 -16"><span class='ocrx_word' id='word_1_239' title='bbox 126 3244 185 3296; x_wconf 80' lang='lat' dir='ltr'>ung</span> <span class='ocrx_word' id='word_1_240' title='bbox 207 3228 258 3282; x_wconf 86' lang='lat' dir='ltr'>auf</span> <span class='ocrx_word' id='word_1_241' title='bbox 278 3228 325 3284; x_wconf 85' lang='lat' dir='ltr'>die</span> <span class='ocrx_word' id='word_1_242' title='bbox 344 3226 443 3284; x_wconf 83' lang='lat' dir='ltr'>aweite</span> <span class='ocrx_word' id='word_1_243' title='bbox 462 3229 576 3285; x_wconf 86' lang='lat' dir='ltr'>Person</span> <span class='ocrx_word' id='word_1_244' title='bbox 612 3217 689 3284; x_wconf 78' lang='lat' dir='ltr'>iiber</span> 
     </span>
     <span class='ocr_line' id='line_1_35' title="bbox 124 3298 688 3370; baseline 0.004 -18"><span class='ocrx_word' id='word_1_245' title='bbox 124 3299 234 3366; x_wconf 77' lang='lat' dir='ltr'>quidem</span> <span class='ocrx_word' id='word_1_246' title='bbox 257 3317 278 3354; x_wconf 82' lang='lat' dir='ltr'>s.</span> <span class='ocrx_word' id='word_1_247' title='bbox 298 3317 332 3353; x_wconf 85' lang='lat' dir='ltr'>zu</span> <span class='ocrx_word' id='word_1_248' title='bbox 355 3301 394 3366; x_wconf 86' lang='lat'>11,</span> <span class='ocrx_word' id='word_1_249' title='bbox 420 3307 460 3368; x_wconf 81' lang='lat'>10,</span> <span class='ocrx_word' id='word_1_250' title='bbox 474 3308 502 3370; x_wconf 84' lang='lat'>3,</span> <span class='ocrx_word' id='word_1_251' title='bbox 522 3298 581 3355; x_wconf 75' lang='lat' dir='ltr'>‘das</span> <span class='ocrx_word' id='word_1_252' title='bbox 605 3302 688 3355; x_wconf 88' lang='lat' dir='ltr'>aller-</span> 
     </span>
     <span class='ocr_line' id='line_1_36' title="bbox 127 3367 688 3443; baseline 0.011 -22"><span class='ocrx_word' id='word_1_253' title='bbox 127 3367 226 3438; x_wconf 80' lang='lat' dir='ltr'>dings’.</span> <span class='ocrx_word' id='word_1_254' title='bbox 247 3402 279 3410; x_wconf 91' lang='lat'><em>-</em></span> <span class='ocrx_word' id='word_1_255' title='bbox 298 3388 384 3440; x_wconf 78' lang='lat' dir='ltr'>oeque</span> <span class='ocrx_word' id='word_1_256' title='bbox 406 3371 459 3426; x_wconf 82' lang='lat' dir='ltr'>wie</span> <span class='ocrx_word' id='word_1_257' title='bbox 482 3372 512 3426; x_wconf 88' lang='lat' dir='ltr'>in</span> <span class='ocrx_word' id='word_1_258' title='bbox 536 3389 621 3443; x_wconf 76' lang='lat' dir='ltr'>neque</span> <span class='ocrx_word' id='word_1_259' title='bbox 638 3374 688 3427; x_wconf 84' lang='lat' dir='ltr'>me‘·</span> 
     </span>
     <span class='ocr_line' id='line_1_37' title="bbox 124 3440 316 3508; baseline -0.005 -14"><span class='ocrx_word' id='word_1_260' title='bbox 124 3456 179 3494; x_wconf 75' lang='lat' dir='ltr'>nor</span> <span class='ocrx_word' id='word_1_261' title='bbox 196 3440 235 3506; x_wconf 92' lang='grc' dir='ltr'>ΙΙ,</span> <span class='ocrx_word' id='word_1_262' title='bbox 256 3449 280 3508; x_wconf 79' lang='grc' dir='ltr'>θ,</span> <span class='ocrx_word' id='word_1_263' title='bbox 293 3448 316 3494; x_wconf 93' lang='lat'>1.</span> 
     </span>
    </p>

    <p class='ocr_par' dir='ltr' id='par_1_5' title="bbox 124 3513 690 3928">
     <span class='ocr_line' id='line_1_38' title="bbox 162 3513 690 3581; baseline 0.009 -17"><span class='ocrx_word' id='word_1_264' title='bbox 162 3526 196 3564; x_wconf 78' lang='lat' dir='ltr'>ae</span> <span class='ocrx_word' id='word_1_265' title='bbox 214 3541 248 3550; x_wconf 94' lang='lat'>-</span> <span class='ocrx_word' id='word_1_266' title='bbox 267 3513 370 3581; x_wconf 77' lang='lat' dir='ltr'>aliquia</span> <span class='ocrx_word' id='word_1_267' title='bbox 394 3531 414 3571; x_wconf 93' lang='lat' dir='ltr'>s.</span> <span class='ocrx_word' id='word_1_268' title='bbox 434 3532 467 3568; x_wconf 85' lang='lat' dir='ltr'>zu</span> <span class='ocrx_word' id='word_1_269' title='bbox 490 3514 528 3581; x_wconf 90' lang='lat' dir='ltr'>X,</span> <span class='ocrx_word' id='word_1_270' title='bbox 553 3518 609 3581; x_wconf 77' lang='lat'>8,2</span> <span class='ocrx_word' id='word_1_271' title='bbox 633 3515 690 3569; x_wconf 82' lang='lat' dir='ltr'>aiei</span> 
     </span>
     <span class='ocr_line' id='line_1_39' title="bbox 124 3581 688 3656; baseline 0.009 -20"><span class='ocrx_word' id='word_1_272' title='bbox 124 3581 215 3637; x_wconf 78' lang='lat' dir='ltr'>alicui</span> <span class='ocrx_word' id='word_1_273' title='bbox 227 3597 339 3638; x_wconf 73' lang='lat' dir='ltr'>sumum</span> <span class='ocrx_word' id='word_1_274' title='bbox 352 3586 595 3655; x_wconf 74' lang='lat' dir='ltr'>nepotiemduret.</span> <span class='ocrx_word' id='word_1_275' title='bbox 617 3585 688 3656; x_wconf 85' lang='lat' dir='ltr'>Epa-</span> 
     </span>
     <span class='ocr_line' id='line_1_40' title="bbox 126 3642 688 3726; baseline 0.007 -20"><span class='ocrx_word' id='word_1_276' title='bbox 126 3642 275 3710; x_wconf 69' lang='lat' dir='ltr'>minondas</span> <span class='ocrx_word' id='word_1_277' title='bbox 307 3654 394 3711; x_wconf 89' lang='lat' dir='ltr'>meint</span> <span class='ocrx_word' id='word_1_278' title='bbox 425 3655 479 3710; x_wconf 87' lang='lat' dir='ltr'>mit</span> <span class='ocrx_word' id='word_1_279' title='bbox 509 3658 612 3726; x_wconf 78' lang='lat' dir='ltr'>aliquia</span> <span class='ocrx_word' id='word_1_280' title='bbox 643 3675 688 3710; x_wconf 85' lang='lat' dir='ltr'>au-</span> 
     </span>
     <span class='ocr_line' id='line_1_41' title="bbox 126 3725 689 3783; baseline 0.004 -3"><span class='ocrx_word' id='word_1_281' title='bbox 126 3726 228 3780; x_wconf 79' lang='lat' dir='ltr'>nttchst</span> <span class='ocrx_word' id='word_1_282' title='bbox 258 3725 313 3781; x_wconf 89' lang='lat' dir='ltr'>den</span> <span class='ocrx_word' id='word_1_283' title='bbox 340 3726 498 3782; x_wconf 90' lang='lat' dir='ltr'>Diomedon</span> <span class='ocrx_word' id='word_1_284' title='bbox 530 3728 626 3783; x_wconf 84' lang='lat' dir='ltr'>selbot.</span> <span class='ocrx_word' id='word_1_285' title='bbox 654 3759 689 3770; x_wconf 96' lang='lat'><em>-</em></span> 
     </span>
     <span class='ocr_line' id='line_1_42' title="bbox 127 3795 688 3869; baseline 0.004 -17"><span class='ocrx_word' id='word_1_286' title='bbox 127 3805 246 3869; x_wconf 80' lang='lat' dir='ltr'>ereptam</span> <span class='ocrx_word' id='word_1_287' title='bbox 259 3795 310 3852; x_wconf 82' lang='lat' dir='ltr'>‘als</span> <span class='ocrx_word' id='word_1_288' title='bbox 325 3796 424 3864; x_wconf 79' lang='lat' dir='ltr'>Raub’3</span> <span class='ocrx_word' id='word_1_289' title='bbox 443 3798 495 3853; x_wconf 86' lang='lat' dir='ltr'>auf</span> <span class='ocrx_word' id='word_1_290' title='bbox 509 3799 585 3856; x_wconf 79' lang='lat' dir='ltr'>thul.</span> <span class='ocrx_word' id='word_1_291' title='bbox 593 3799 688 3854; x_wconf 84' lang='lat' dir='ltr'>Weiss</span> 
     </span>
     <span class='ocr_line' id='line_1_43' title="bbox 126 3870 508 3928; baseline 0.008 -4"><span class='ocrx_word' id='word_1_292' title='bbox 126 3870 272 3926; x_wconf 75' lang='lat' dir='ltr'>ubersetec</span> <span class='ocrx_word' id='word_1_293' title='bbox 290 3871 363 3925; x_wconf 91' lang='lat' dir='ltr'>auch</span> <span class='ocrx_word' id='word_1_294' title='bbox 381 3871 508 3928; x_wconf 79' lang='lat' dir='ltr'>deletum.</span> 
     </span>
    </p>

    <p class='ocr_par' dir='ltr' id='par_1_6' title="bbox 127 3942 689 4141">
     <span class='ocr_line' id='line_1_44' title="bbox 130 3942 689 4082; baseline 0.004 -15"><span class='ocrx_word' id='word_1_295' title='bbox 130 3949 188 4080; x_wconf 58' lang='lat' dir='ltr'>,t</span> <span class='ocrx_word' id='word_1_296' title='bbox 216 3942 689 4082; x_wconf 53' lang='lat' dir='ltr'>{estenderet</span> 
     </span>
     <span class='ocr_line' id='line_1_45' title="bbox 127 4084 463 4141; baseline 0.003 -3"><span class='ocrx_word' id='word_1_297' title='bbox 127 4084 211 4140; x_wconf 75' lang='lat' dir='ltr'>nhml.</span> <span class='ocrx_word' id='word_1_298' title='bbox 230 4100 258 4139; x_wconf 83' lang='lat' dir='ltr'>ae</span> <span class='ocrx_word' id='word_1_299' title='bbox 275 4085 341 4141; x_wconf 84' lang='lat' dir='ltr'>celle</span> <span class='ocrx_word' id='word_1_300' title='bbox 358 4085 463 4140; x_wconf 79' lang='lat' dir='ltr'>deduci.</span> 
     </span>
    </p>

    <p class='ocr_par' dir='ltr' id='par_1_7' title="bbox 162 4155 582 4226">
     <span class='ocr_line' id='line_1_46' title="bbox 162 4155 582 4226; baseline 0 -15"><span class='ocrx_word' id='word_1_301' title='bbox 162 4172 247 4226; x_wconf 78' lang='lat' dir='ltr'>oeque</span> <span class='ocrx_word' id='word_1_302' title='bbox 265 4172 327 4211; x_wconf 85' lang='lat' dir='ltr'>vero</span> <span class='ocrx_word' id='word_1_303' title='bbox 346 4172 367 4209; x_wconf 90' lang='lat' dir='ltr'>s.</span> <span class='ocrx_word' id='word_1_304' title='bbox 384 4172 417 4210; x_wconf 88' lang='lat' dir='ltr'>au</span> <span class='ocrx_word' id='word_1_305' title='bbox 436 4155 502 4224; x_wconf 88' lang='lat' dir='ltr'>VII,</span> <span class='ocrx_word' id='word_1_306' title='bbox 522 4162 582 4223; x_wconf 84' lang='lat' dir='ltr'>c,1.</span> 
     </span>
    </p>

    <p class='ocr_par' dir='ltr' id='par_1_8' title="bbox 127 4223 689 4354">
     <span class='ocr_line' id='line_1_47' title="bbox 163 4223 689 4297; baseline -0.002 -15"><span class='ocrx_word' id='word_1_307' title='bbox 163 4230 232 4283; x_wconf 79' lang='lat' dir='ltr'>cotie</span> <span class='ocrx_word' id='word_1_308' title='bbox 249 4229 347 4283; x_wconf 79' lang='lat' dir='ltr'>babuit</span> <span class='ocrx_word' id='word_1_309' title='bbox 365 4223 451 4281; x_wconf 78' lang='lat' dir='ltr'>‘niele</span> <span class='ocrx_word' id='word_1_310' title='bbox 469 4243 498 4281; x_wconf 86' lang='lat' dir='ltr'>es</span> <span class='ocrx_word' id='word_1_311' title='bbox 523 4227 568 4280; x_wconf 79' lang='lat' dir='ltr'>fur</span> <span class='ocrx_word' id='word_1_312' title='bbox 587 4244 689 4297; x_wconf 81' lang='lat' dir='ltr'>genug,</span> 
     </span>
     <span class='ocr_line' id='line_1_48' title="bbox 127 4293 475 4354; baseline 0.006 -3"><span class='ocrx_word' id='word_1_313' title='bbox 127 4314 186 4351; x_wconf 84' lang='lat' dir='ltr'>war</span> <span class='ocrx_word' id='word_1_314' title='bbox 204 4297 294 4352; x_wconf 79' lang='lat' dir='ltr'>demit</span> <span class='ocrx_word' id='word_1_315' title='bbox 312 4293 475 4354; x_wconf 86' lang='lat' dir='ltr'>aufrieden&#39;.</span> 
     </span>
    </p>

    <p class='ocr_par' dir='ltr' id='par_1_9' title="bbox 128 4366 690 4509">
     <span class='ocr_line' id='line_1_49' title="bbox 165 4366 690 4425; baseline 0.004 -4"><span class='ocrx_word' id='word_1_316' title='bbox 165 4374 190 4423; x_wconf 83' lang='lat'>6.</span> <span class='ocrx_word' id='word_1_317' title='bbox 218 4370 409 4425; x_wconf 73' lang='lat' dir='ltr'>Abstinentiae</span> <span class='ocrx_word' id='word_1_318' title='bbox 435 4385 503 4423; x_wconf 89' lang='lat' dir='ltr'>usw.</span> <span class='ocrx_word' id='word_1_319' title='bbox 527 4366 586 4423; x_wconf 77' lang='lat' dir='ltr'>‘fur</span> <span class='ocrx_word' id='word_1_320' title='bbox 613 4368 690 4424; x_wconf 87' lang='lat' dir='ltr'>scine</span> 
     </span>
     <span class='ocr_line' id='line_1_50' title="bbox 128 4438 690 4509; baseline 0.004 -17"><span class='ocrx_word' id='word_1_321' title='bbox 128 4438 416 4509; x_wconf 77' lang='lat' dir='ltr'>Uncigenm‘itcigkeit</span> <span class='ocrx_word' id='word_1_322' title='bbox 452 4439 522 4494; x_wconf 84' lang='lat' dir='ltr'>wird</span> <span class='ocrx_word' id='word_1_323' title='bbox 553 4439 613 4495; x_wconf 88' lang='lat' dir='ltr'>dies</span> <span class='ocrx_word' id='word_1_324' title='bbox 648 4441 690 4494; x_wconf 85' lang='lat' dir='ltr'>als</span> 
     </span>
    </p>
   </div>
   <div class='ocr_carea' id='block_1_4' title="bbox 742 2296 1310 2871">
    <p class='ocr_par' dir='ltr' id='par_1_10' title="bbox 742 2296 1310 2442">
     <span class='ocr_line' id='line_1_51' title="bbox 742 2296 1310 2392; baseline 0 -38"><span class='ocrx_word' id='word_1_325' title='bbox 742 2300 863 2370; x_wconf 79' lang='lat' dir='ltr'>Zeug&#39;nis</span> <span class='ocrx_word' id='word_1_326' title='bbox 877 2296 1026 2372; x_wconf 78' lang='lat' dir='ltr'>gendgcn’.</span> <span class='ocrx_word' id='word_1_327' title='bbox 1036 2329 1070 2343; x_wconf 90' lang='lat'>-</span> <span class='ocrx_word' id='word_1_328' title='bbox 1079 2316 1242 2392; x_wconf 70' lang='lat' dir='ltr'>possemus,</span> <span class='ocrx_word' id='word_1_329' title='bbox 1256 2300 1310 2355; x_wconf 86' lang='lat' dir='ltr'>wir</span> 
     </span>
     <span class='ocr_line' id='line_1_52' title="bbox 743 2370 1095 2442; baseline -0.003 -16"><span class='ocrx_word' id='word_1_330' title='bbox 743 2371 783 2426; x_wconf 86' lang='lat' dir='ltr'>im</span> <span class='ocrx_word' id='word_1_331' title='bbox 802 2372 884 2442; x_wconf 85' lang='lat' dir='ltr'>Konj.</span> <span class='ocrx_word' id='word_1_332' title='bbox 895 2370 953 2428; x_wconf 76' lang='lat' dir='ltr'>‘ich</span> <span class='ocrx_word' id='word_1_333' title='bbox 971 2372 1095 2427; x_wconf 84' lang='lat' dir='ltr'>kbnnte.</span> 
     </span>
    </p>

    <p class='ocr_par' dir='ltr' id='par_1_11' title="bbox 743 2448 1309 2663">
     <span class='ocr_line' id='line_1_53' title="bbox 778 2448 1309 2521; baseline -0.002 -13"><span class='ocrx_word' id='word_1_334' title='bbox 778 2469 905 2508; x_wconf 73' lang='lat' dir='ltr'>ceccaum</span> <span class='ocrx_word' id='word_1_335' title='bbox 915 2448 1044 2520; x_wconf 78' lang='lat' dir='ltr'>‘Zeilen&#39;,</span> <span class='ocrx_word' id='word_1_336' title='bbox 1064 2468 1121 2506; x_wconf 89' lang='lat' dir='ltr'>was</span> <span class='ocrx_word' id='word_1_337' title='bbox 1136 2451 1182 2507; x_wconf 90' lang='lat' dir='ltr'>die</span> <span class='ocrx_word' id='word_1_338' title='bbox 1198 2450 1309 2521; x_wconf 79' lang='lat' dir='ltr'>cigent-</span> 
     </span>
     <span class='ocr_line' id='line_1_54' title="bbox 743 2522 1307 2663; baseline 0.007 -87"><span class='ocrx_word' id='word_1_339' title='bbox 743 2522 1000 2663; x_wconf 71' lang='lat' dir='ltr'>liche)Bedeutung</span> <span class='ocrx_word' id='word_1_340' title='bbox 1018 2523 1068 2578; x_wconf 89' lang='lat' dir='ltr'>des</span> <span class='ocrx_word' id='word_1_341' title='bbox 1082 2523 1195 2578; x_wconf 91' lang='lat' dir='ltr'>Wortes</span> <span class='ocrx_word' id='word_1_342' title='bbox 1211 2522 1251 2578; x_wconf 88' lang='lat' dir='ltr'>ist</span> <span class='ocrx_word' id='word_1_343' title='bbox 1271 2527 1307 2595; x_wconf 85' lang='lat' dir='ltr'>(v.</span> 
     </span>
     <span class='ocr_line' id='line_1_55' title="bbox 743 2601 834 2651; baseline 0.011 -1"><span class='ocrx_word' id='word_1_344' title='bbox 743 2601 815 2650; x_wconf 83' lang='lat' dir='ltr'>certo</span> <span class='ocrx_word' id='word_1_345' title='bbox 828 2637 834 2651; x_wconf 89' lang='lat'><strong>.</strong></span> 
     </span>
    </p>

    <p class='ocr_par' dir='ltr' id='par_1_12' title="bbox 742 2673 1309 2871">
     <span class='ocr_line' id='line_1_56' title="bbox 778 2673 1308 2744; baseline 0.006 -17"><span class='ocrx_word' id='word_1_346' title='bbox 778 2673 907 2729; x_wconf 89' lang='lat' dir='ltr'>Welcher</span> <span class='ocrx_word' id='word_1_347' title='bbox 918 2673 1013 2729; x_wconf 87' lang='lat' dir='ltr'>Punkt</span> <span class='ocrx_word' id='word_1_348' title='bbox 1027 2674 1078 2729; x_wconf 86' lang='lat' dir='ltr'>der</span> <span class='ocrx_word' id='word_1_349' title='bbox 1086 2673 1308 2744; x_wconf 82' lang='lat' dir='ltr'>Inhaltsangabe</span> 
     </span>
     <span class='ocr_line' id='line_1_57' title="bbox 742 2744 1309 2871; baseline 0.004 -72"><span class='ocrx_word' id='word_1_350' title='bbox 742 2744 844 2871; x_wconf 45' lang='lat' dir='ltr'>{ethim</span> <span class='ocrx_word' id='word_1_351' title='bbox 866 2753 891 2802; x_wconf 82' lang='grc'>3.</span> <span class='ocrx_word' id='word_1_352' title='bbox 910 2746 968 2800; x_wconf 90' lang='lat' dir='ltr'>und</span> <span class='ocrx_word' id='word_1_353' title='bbox 986 2752 1012 2801; x_wconf 90' lang='lat'>4.</span> <span class='ocrx_word' id='word_1_354' title='bbox 1025 2744 1141 2816; x_wconf 87' lang='lat' dir='ltr'>Kapitel</span> <span class='ocrx_word' id='word_1_355' title='bbox 1164 2745 1309 2815; x_wconf 80' lang='lat' dir='ltr'>abgchan·</span> 
     </span>
    </p>

    <p class='ocr_par' dir='ltr' id='par_1_13' title="bbox 764 2823 822 2871">
     <span class='ocr_line' id='line_1_58' title="bbox 764 2823 822 2871; baseline 0 0"><span class='ocrx_word' id='word_1_356' title='bbox 764 2834 778 2871; x_wconf 94' lang='lat' dir='ltr'>e</span> <span class='ocrx_word' id='word_1_357' title='bbox 809 2823 822 2871; x_wconf 75' lang='lat' dir='ltr'>l</span> 
     </span>
    </p>
   </div>
   <div class='ocr_carea' id='block_1_5' title="bbox 743 2906 1309 3048">
    <p class='ocr_par' dir='ltr' id='par_1_14' title="bbox 743 2906 1309 3048">
     <span class='ocr_line' id='line_1_59' title="bbox 779 2906 1308 2974; baseline 0.002 -13"><span class='ocrx_word' id='word_1_358' title='bbox 779 2906 810 2967; x_wconf 78' lang='lat' dir='ltr'>t.</span> <span class='ocrx_word' id='word_1_359' title='bbox 840 2913 864 2962; x_wconf 88' lang='lat'>1.</span> <span class='ocrx_word' id='word_1_360' title='bbox 886 2922 963 2962; x_wconf 77' lang='lat' dir='ltr'>aeneo</span> <span class='ocrx_word' id='word_1_361' title='bbox 983 2907 1130 2962; x_wconf 75' lang='lat' dir='ltr'>Thebanae</span> <span class='ocrx_word' id='word_1_362' title='bbox 1153 2922 1174 2962; x_wconf 89' lang='lat' dir='ltr'>s.</span> <span class='ocrx_word' id='word_1_363' title='bbox 1192 2924 1227 2961; x_wconf 87' lang='lat' dir='ltr'>au</span> <span class='ocrx_word' id='word_1_364' title='bbox 1246 2912 1308 2974; x_wconf 78' lang='lat' dir='ltr'>a,1.</span> 
     </span>
     <span class='ocr_line' id='line_1_60' title="bbox 743 2977 1309 3048; baseline -0.002 -14"><span class='ocrx_word' id='word_1_365' title='bbox 743 3011 777 3020; x_wconf 96' lang='lat'><em>-</em></span> <span class='ocrx_word' id='word_1_366' title='bbox 796 2995 881 3048; x_wconf 78' lang='lat' dir='ltr'>oeque</span> <span class='ocrx_word' id='word_1_367' title='bbox 898 2977 952 3033; x_wconf 87' lang='lat' dir='ltr'>wie</span> <span class='ocrx_word' id='word_1_368' title='bbox 971 2979 1005 3046; x_wconf 87' lang='lat' dir='ltr'>V,</span> <span class='ocrx_word' id='word_1_369' title='bbox 1025 2984 1049 3046; x_wconf 86' lang='grc'>3,</span> <span class='ocrx_word' id='word_1_370' title='bbox 1060 2984 1085 3035; x_wconf 92' lang='lat'>4.</span> <span class='ocrx_word' id='word_1_371' title='bbox 1103 3008 1137 3018; x_wconf 94' lang='lat'>-</span> <span class='ocrx_word' id='word_1_372' title='bbox 1155 2979 1309 3034; x_wconf 70' lang='lat' dir='ltr'>maciem</span> 
     </span>
    </p>
   </div>
   <div class='ocr_carea' id='block_1_6' title="bbox 738 3046 928 3120">
    <p class='ocr_par' dir='ltr' id='par_1_15' title="bbox 738 3046 928 3120">
     <span class='ocr_line' id='line_1_61' title="bbox 738 3046 928 3120; baseline -0.005 -15"><span class='ocrx_word' id='word_1_373' title='bbox 738 3046 928 3120; x_wconf 79' lang='lat' dir='ltr'>‘schlagend&#39;.</span> 
     </span>
    </p>
   </div>
   <div class='ocr_carea' id='block_1_7' title="bbox 743 3128 1308 3483">
    <p class='ocr_par' dir='ltr' id='par_1_16' title="bbox 743 3128 1308 3483">
     <span class='ocr_line' id='line_1_62' title="bbox 778 3128 1307 3200; baseline 0 -16"><span class='ocrx_word' id='word_1_374' title='bbox 778 3136 803 3184; x_wconf 74' lang='lat'>2.</span> <span class='ocrx_word' id='word_1_375' title='bbox 830 3128 878 3183; x_wconf 89' lang='lat' dir='ltr'>Bis</span> <span class='ocrx_word' id='word_1_376' title='bbox 897 3137 913 3185; x_wconf 88' lang='grc'><strong>6</strong></span> <span class='ocrx_word' id='word_1_377' title='bbox 938 3129 1036 3199; x_wconf 84' lang='lat' dir='ltr'>folgen</span> <span class='ocrx_word' id='word_1_378' title='bbox 1053 3146 1111 3183; x_wconf 91' lang='lat' dir='ltr'>nnn</span> <span class='ocrx_word' id='word_1_379' title='bbox 1129 3135 1145 3184; x_wconf 80' lang='grc'><strong>3</strong></span> <span class='ocrx_word' id='word_1_380' title='bbox 1164 3128 1307 3200; x_wconf 87' lang='lat' dir='ltr'>Beispiele</span> 
     </span>
     <span class='ocr_line' id='line_1_63' title="bbox 743 3200 1308 3258; baseline 0.007 -4"><span class='ocrx_word' id='word_1_381' title='bbox 743 3201 836 3257; x_wconf 90' lang='lat' dir='ltr'>seiner</span> <span class='ocrx_word' id='word_1_382' title='bbox 849 3200 1008 3255; x_wconf 87' lang='lat' dir='ltr'>treffenden</span> <span class='ocrx_word' id='word_1_383' title='bbox 1020 3200 1193 3256; x_wconf 84' lang='lat' dir='ltr'>Antworten.</span> <span class='ocrx_word' id='word_1_384' title='bbox 1210 3231 1243 3242; x_wconf 91' lang='lat'><em>-</em></span> <span class='ocrx_word' id='word_1_385' title='bbox 1263 3203 1308 3258; x_wconf 87' lang='lat' dir='ltr'>ob-</span> 
     </span>
     <span class='ocr_line' id='line_1_64' title="bbox 743 3271 1307 3342; baseline -0.004 -13"><span class='ocrx_word' id='word_1_386' title='bbox 743 3279 912 3329; x_wconf 71' lang='lat' dir='ltr'>tractatores</span> <span class='ocrx_word' id='word_1_387' title='bbox 916 3313 925 3339; x_wconf 89' lang='lat'>,</span> <span class='ocrx_word' id='word_1_388' title='bbox 940 3273 998 3342; x_wconf 85' lang='lat' dir='ltr'>vgl.</span> <span class='ocrx_word' id='word_1_389' title='bbox 1012 3273 1065 3340; x_wconf 86' lang='grc' dir='ltr'>ΙΙΙ,</span> <span class='ocrx_word' id='word_1_390' title='bbox 1082 3278 1107 3338; x_wconf 89' lang='grc'>1,</span> <span class='ocrx_word' id='word_1_391' title='bbox 1117 3279 1140 3327; x_wconf 89' lang='lat'>1.</span> <span class='ocrx_word' id='word_1_392' title='bbox 1164 3271 1307 3327; x_wconf 84' lang='lat' dir='ltr'>Verbinde</span> 
     </span>
     <span class='ocr_line' id='line_1_65' title="bbox 743 3343 1307 3414; baseline 0.005 -17"><span class='ocrx_word' id='word_1_393' title='bbox 743 3343 834 3398; x_wconf 89' lang='lat' dir='ltr'>damit</span> <span class='ocrx_word' id='word_1_394' title='bbox 856 3349 881 3400; x_wconf 89' lang='lat' dir='ltr'>et</span> <span class='ocrx_word' id='word_1_395' title='bbox 904 3344 1094 3400; x_wconf 73' lang='lat' dir='ltr'>necesarium</span> <span class='ocrx_word' id='word_1_396' title='bbox 1111 3344 1144 3398; x_wconf 78' lang='lat' dir='ltr'>in</span> <span class='ocrx_word' id='word_1_397' title='bbox 1161 3344 1234 3400; x_wconf 79' lang='lat' dir='ltr'>edm.</span> <span class='ocrx_word' id='word_1_398' title='bbox 1250 3360 1307 3414; x_wconf 79' lang='lat' dir='ltr'>rep.</span> 
     </span>
     <span class='ocr_line' id='line_1_66' title="bbox 744 3415 1120 3483; baseline -0.005 -11"><span class='ocrx_word' id='word_1_399' title='bbox 744 3446 778 3457; x_wconf 88' lang='lat'><em>-</em></span> <span class='ocrx_word' id='word_1_400' title='bbox 795 3416 894 3471; x_wconf 78' lang='lat' dir='ltr'>babuit</span> <span class='ocrx_word' id='word_1_401' title='bbox 912 3432 934 3471; x_wconf 90' lang='lat' dir='ltr'>s.</span> <span class='ocrx_word' id='word_1_402' title='bbox 948 3432 983 3469; x_wconf 83' lang='lat' dir='ltr'>an</span> <span class='ocrx_word' id='word_1_403' title='bbox 1001 3415 1040 3482; x_wconf 91' lang='lat' dir='ltr'>Il,</span> <span class='ocrx_word' id='word_1_404' title='bbox 1061 3422 1086 3483; x_wconf 85' lang='grc'>9,</span> <span class='ocrx_word' id='word_1_405' title='bbox 1095 3419 1120 3470; x_wconf 88' lang='grc'>4.</span> 
     </span>
    </p>
   </div>
   <div class='ocr_carea' id='block_1_8' title="bbox 742 3493 1309 4510">
    <p class='ocr_par' dir='ltr' id='par_1_17' title="bbox 742 3493 1309 3994">
     <span class='ocr_line' id='line_1_67' title="bbox 780 3493 1307 3564; baseline -0.002 -14"><span class='ocrx_word' id='word_1_406' title='bbox 780 3496 893 3562; x_wconf 79' lang='lat' dir='ltr'>Thebis,</span> <span class='ocrx_word' id='word_1_407' title='bbox 913 3494 1004 3549; x_wconf 79' lang='lat' dir='ltr'>selben</span> <span class='ocrx_word' id='word_1_408' title='bbox 1023 3496 1099 3550; x_wconf 87' lang='lat' dir='ltr'>steht</span> <span class='ocrx_word' id='word_1_409' title='bbox 1118 3510 1149 3549; x_wconf 88' lang='lat' dir='ltr'>so</span> <span class='ocrx_word' id='word_1_410' title='bbox 1169 3493 1219 3549; x_wconf 89' lang='lat' dir='ltr'>der</span> <span class='ocrx_word' id='word_1_411' title='bbox 1232 3493 1307 3564; x_wconf 79' lang='lat' dir='ltr'>Abl,</span> 
     </span>
     <span class='ocr_line' id='line_1_68' title="bbox 743 3564 1309 3622; baseline 0.002 -1"><span class='ocrx_word' id='word_1_412' title='bbox 743 3584 791 3621; x_wconf 90' lang='lat' dir='ltr'>um</span> <span class='ocrx_word' id='word_1_413' title='bbox 814 3565 860 3621; x_wconf 89' lang='lat' dir='ltr'>die</span> <span class='ocrx_word' id='word_1_414' title='bbox 883 3565 1025 3620; x_wconf 85' lang='lat' dir='ltr'>Herkunft</span> <span class='ocrx_word' id='word_1_415' title='bbox 1049 3583 1099 3620; x_wconf 92' lang='lat' dir='ltr'>ans</span> <span class='ocrx_word' id='word_1_416' title='bbox 1122 3564 1200 3621; x_wconf 87' lang='lat' dir='ltr'>einer</span> <span class='ocrx_word' id='word_1_417' title='bbox 1225 3565 1309 3622; x_wconf 87' lang='lat' dir='ltr'>Stadt</span> 
     </span>
     <span class='ocr_line' id='line_1_69' title="bbox 744 3636 1307 3708; baseline 0 -16"><span class='ocrx_word' id='word_1_418' title='bbox 744 3639 801 3707; x_wconf 80' lang='lat' dir='ltr'>(ee,</span> <span class='ocrx_word' id='word_1_419' title='bbox 820 3636 866 3691; x_wconf 90' lang='lat' dir='ltr'>die</span> <span class='ocrx_word' id='word_1_420' title='bbox 881 3654 930 3691; x_wconf 86' lang='lat' dir='ltr'>aus</span> <span class='ocrx_word' id='word_1_421' title='bbox 945 3637 1038 3691; x_wconf 90' lang='lat' dir='ltr'>einem</span> <span class='ocrx_word' id='word_1_422' title='bbox 1051 3637 1159 3706; x_wconf 89' lang='lat' dir='ltr'>Laude,</span> <span class='ocrx_word' id='word_1_423' title='bbox 1179 3637 1236 3708; x_wconf 77' lang='lat' dir='ltr'>vgl.</span> <span class='ocrx_word' id='word_1_424' title='bbox 1245 3637 1307 3705; x_wconf 81' lang='lat' dir='ltr'>VII,</span> 
     </span>
     <span class='ocr_line' id='line_1_70' title="bbox 745 3707 1307 3780; baseline -0.002 -15"><span class='ocrx_word' id='word_1_425' title='bbox 745 3716 818 3776; x_wconf 82' lang='lat'>10,5</span> <span class='ocrx_word' id='word_1_426' title='bbox 845 3725 879 3764; x_wconf 80' lang='lat' dir='ltr'>ea</span> <span class='ocrx_word' id='word_1_427' title='bbox 896 3710 1031 3780; x_wconf 81' lang='lat' dir='ltr'>Arcadio)</span> <span class='ocrx_word' id='word_1_428' title='bbox 1063 3726 1097 3762; x_wconf 83' lang='lat' dir='ltr'>au</span> <span class='ocrx_word' id='word_1_429' title='bbox 1124 3707 1307 3777; x_wconf 81' lang='lat' dir='ltr'>bezeichnen,</span> 
     </span>
     <span class='ocr_line' id='line_1_71' title="bbox 742 3778 1308 3836; baseline 0 -2"><span class='ocrx_word' id='word_1_430' title='bbox 742 3780 789 3834; x_wconf 74' lang='lat' dir='ltr'>fur</span> <span class='ocrx_word' id='word_1_431' title='bbox 807 3780 857 3834; x_wconf 87' lang='lat' dir='ltr'>das</span> <span class='ocrx_word' id='word_1_432' title='bbox 880 3796 937 3836; x_wconf 77' lang='lat' dir='ltr'>von</span> <span class='ocrx_word' id='word_1_433' title='bbox 956 3780 1021 3835; x_wconf 89' lang='lat' dir='ltr'>dem</span> <span class='ocrx_word' id='word_1_434' title='bbox 1038 3778 1233 3835; x_wconf 83' lang='lat' dir='ltr'>betreffenden</span> <span class='ocrx_word' id='word_1_435' title='bbox 1251 3780 1308 3834; x_wconf 86' lang='lat' dir='ltr'>Na·</span> 
     </span>
     <span class='ocr_line' id='line_1_72' title="bbox 744 3849 1308 3922; baseline 0 -17"><span class='ocrx_word' id='word_1_436' title='bbox 744 3869 808 3907; x_wconf 91' lang='lat' dir='ltr'>men</span> <span class='ocrx_word' id='word_1_437' title='bbox 830 3851 975 3922; x_wconf 85' lang='lat' dir='ltr'>gebildete</span> <span class='ocrx_word' id='word_1_438' title='bbox 993 3849 1138 3921; x_wconf 85' lang='lat' dir='ltr'>Adjektiv,</span> <span class='ocrx_word' id='word_1_439' title='bbox 1162 3851 1222 3905; x_wconf 87' lang='lat' dir='ltr'>also</span> <span class='ocrx_word' id='word_1_440' title='bbox 1246 3850 1308 3906; x_wconf 89' lang='lat' dir='ltr'>hier</span> 
     </span>
     <span class='ocr_line' id='line_1_73' title="bbox 744 3922 1138 3994; baseline -0.003 -17"><span class='ocrx_word' id='word_1_441' title='bbox 744 3923 789 3977; x_wconf 84' lang='lat' dir='ltr'>fiir</span> <span class='ocrx_word' id='word_1_442' title='bbox 807 3923 948 3994; x_wconf 82' lang='lat' dir='ltr'>(eundem)</span> <span class='ocrx_word' id='word_1_443' title='bbox 967 3922 1138 3978; x_wconf 86' lang='lat' dir='ltr'>Thebanum.</span> 
     </span>
    </p>

    <p class='ocr_par' dir='ltr' id='par_1_18' title="bbox 744 4009 1309 4510">
     <span class='ocr_line' id='line_1_74' title="bbox 779 4009 1307 4068; baseline 0.002 -1"><span class='ocrx_word' id='word_1_444' title='bbox 779 4014 848 4067; x_wconf 81' lang='lat' dir='ltr'>ectio</span> <span class='ocrx_word' id='word_1_445' title='bbox 872 4011 935 4066; x_wconf 89' lang='lat' dir='ltr'>hier</span> <span class='ocrx_word' id='word_1_446' title='bbox 952 4009 1108 4068; x_wconf 82' lang='lat' dir='ltr'>‘ziemlich’.</span> <span class='ocrx_word' id='word_1_447' title='bbox 1128 4041 1161 4052; x_wconf 90' lang='lat'><strong>—</strong></span> <span class='ocrx_word' id='word_1_448' title='bbox 1187 4017 1219 4067; x_wconf 78' lang='lat' dir='ltr'>ut</span> <span class='ocrx_word' id='word_1_449' title='bbox 1239 4012 1307 4068; x_wconf 78' lang='lat' dir='ltr'>The-</span> 
     </span>
     <span class='ocr_line' id='line_1_75' title="bbox 745 4080 1308 4140; baseline -0.002 -1"><span class='ocrx_word' id='word_1_450' title='bbox 745 4086 847 4140; x_wconf 72' lang='lat' dir='ltr'>banum</span> <span class='ocrx_word' id='word_1_451' title='bbox 864 4085 966 4138; x_wconf 76' lang='lat' dir='ltr'>coelicet</span> <span class='ocrx_word' id='word_1_452' title='bbox 984 4080 1041 4136; x_wconf 74' lang='lat' dir='ltr'>‘fiir</span> <span class='ocrx_word' id='word_1_453' title='bbox 1060 4082 1142 4136; x_wconf 88' lang='lat' dir='ltr'>einen</span> <span class='ocrx_word' id='word_1_454' title='bbox 1159 4081 1308 4138; x_wconf 83' lang='lat' dir='ltr'>Thebaner</span> 
     </span>
     <span class='ocr_line' id='line_1_76' title="bbox 744 4152 1308 4223; baseline 0 -15"><span class='ocrx_word' id='word_1_455' title='bbox 744 4154 885 4223; x_wconf 79' lang='lat' dir='ltr'>n‘amlich&#39;,</span> <span class='ocrx_word' id='word_1_456' title='bbox 905 4155 931 4207; x_wconf 90' lang='lat' dir='ltr'>d.</span> <span class='ocrx_word' id='word_1_457' title='bbox 946 4155 974 4209; x_wconf 91' lang='lat' dir='ltr'>h.</span> <span class='ocrx_word' id='word_1_458' title='bbox 991 4152 1080 4208; x_wconf 89' lang='lat' dir='ltr'>soviel</span> <span class='ocrx_word' id='word_1_459' title='bbox 1100 4169 1129 4208; x_wconf 88' lang='lat' dir='ltr'>es</span> <span class='ocrx_word' id='word_1_460' title='bbox 1147 4153 1196 4208; x_wconf 91' lang='lat' dir='ltr'>bei</span> <span class='ocrx_word' id='word_1_461' title='bbox 1215 4153 1308 4209; x_wconf 91' lang='lat' dir='ltr'>einem</span> 
     </span>
     <span class='ocr_line' id='line_1_77' title="bbox 744 4224 1308 4297; baseline 0.004 -17"><span class='ocrx_word' id='word_1_462' title='bbox 744 4225 893 4280; x_wconf 86' lang='lat' dir='ltr'>Thebaner</span> <span class='ocrx_word' id='word_1_463' title='bbox 916 4224 1043 4279; x_wconf 84' lang='lat' dir='ltr'>denkbar</span> <span class='ocrx_word' id='word_1_464' title='bbox 1065 4224 1111 4280; x_wconf 86' lang='lat' dir='ltr'>ist.</span> <span class='ocrx_word' id='word_1_465' title='bbox 1131 4256 1165 4265; x_wconf 98' lang='lat'>-</span> <span class='ocrx_word' id='word_1_466' title='bbox 1189 4242 1308 4297; x_wconf 76' lang='lat' dir='ltr'>reamque</span> 
     </span>
     <span class='ocr_line' id='line_1_78' title="bbox 744 4296 1309 4366; baseline 0.004 -16"><span class='ocrx_word' id='word_1_467' title='bbox 744 4313 825 4363; x_wconf 84' lang='lat' dir='ltr'>usw.,</span> <span class='ocrx_word' id='word_1_468' title='bbox 849 4297 908 4366; x_wconf 85' lang='lat' dir='ltr'>vgl.</span> <span class='ocrx_word' id='word_1_469' title='bbox 926 4296 989 4366; x_wconf 91' lang='lat' dir='ltr'>Vll,</span> <span class='ocrx_word' id='word_1_470' title='bbox 1016 4303 1088 4364; x_wconf 82' lang='lat'>11,3</span> <span class='ocrx_word' id='word_1_471' title='bbox 1117 4312 1208 4352; x_wconf 79' lang='lat' dir='ltr'>omnes</span> <span class='ocrx_word' id='word_1_472' title='bbox 1235 4299 1309 4352; x_wconf 79' lang='lat' dir='ltr'>enim</span> 
     </span>
     <span class='ocr_line' id='line_1_79' title="bbox 744 4369 1309 4439; baseline 0.004 -17"><span class='ocrx_word' id='word_1_473' title='bbox 744 4369 853 4423; x_wconf 82' lang='lat' dir='ltr'>Boeotii</span> <span class='ocrx_word' id='word_1_474' title='bbox 861 4370 949 4438; x_wconf 76' lang='lat' dir='ltr'>scapis</span> <span class='ocrx_word' id='word_1_475' title='bbox 957 4369 1085 4435; x_wconf 77' lang='lat' dir='ltr'>firmitati</span> <span class='ocrx_word' id='word_1_476' title='bbox 1094 4370 1216 4437; x_wconf 75' lang='lat' dir='ltr'>corporie</span> <span class='ocrx_word' id='word_1_477' title='bbox 1225 4385 1309 4439; x_wconf 76' lang='lat' dir='ltr'>quom</span> 
     </span>
     <span class='ocr_line' id='line_1_80' title="bbox 744 4440 1172 4510; baseline 0.002 -16"><span class='ocrx_word' id='word_1_478' title='bbox 744 4440 851 4510; x_wconf 67' lang='lat' dir='ltr'>tepeo-ic·</span> <span class='ocrx_word' id='word_1_479' title='bbox 869 4441 993 4494; x_wconf 77' lang='lat' dir='ltr'>ueremini</span> <span class='ocrx_word' id='word_1_480' title='bbox 1010 4440 1172 4495; x_wconf 79' lang='lat' dir='ltr'>inserviunt.</span> 
     </span>
    </p>
   </div>
   <div class='ocr_carea' id='block_1_9' title="bbox 0 0 1401 4882">
    <p class='ocr_par' dir='ltr' id='par_1_19' title="bbox 0 0 1401 4882">
     <span class='ocr_line' id='line_1_81' title="bbox 0 0 1401 4882; baseline 0 0"><span class='ocrx_word' id='word_1_481' title='bbox 0 0 1401 4882; x_wconf 95' lang='lat' dir='ltr'> </span> 
     </span>
    </p>
   </div>
  </div>
 </body>
</html>
