2790 4882
109 215 154 279 84
469 199 541 254 xlv.
569 199 754 254 cursura.
791 199 870 255 cua.
889 207 915 256 a.
934 208 960 256 a.

108 372 262 459 superior
290 366 447 435 omnibus
475 363 609 449 proeliis
636 362 829 448 discederet,
857 365 945 449 quod
971 387 1140 451 nunquam
1168 390 1349 435 mauuuzn

107 464 314 542 consereret,
342 456 409 522 uisi
432 476 507 519 cum
530 452 734 519 adversarios
763 453 909 519 locorum
937 455 1100 538 augustiis
1129 456 1349 524 clausisse(

109 550 214 638 (quod
241 548 352 634 perito
382 543 552 630 regionum
583 541 764 627 callideque
791 542 951 628 cogitanti
978 565 1076 628 saepe
1103 545 1295 633 accidebat)

81 655 89 702 t
111 637 402 725 Autophrodates,
420 653 494 696 cum
513 630 637 694 ballum
656 631 731 696 duci
749 631 871 696 maiore
889 632 977 717 regis
996 632 1188 698 calamitate
1204 655 1349 720 quam:

109 727 379 795 adversariorum
408 719 547 802 videret,
575 741 689 803 pacem
717 720 962 805 amicitiamque
990 720 1142 786 hortatus
1172 727 1238 809 eat,
1268 749 1288 790 u
1308 727 1349 783 1

81 833 188 885 acum
212 837 291 901 rege
322 812 359 876 in
379 809 523 896 gratiam
545 807 678 873 rediret.
723 808 829 885 Quam
851 809 909 874 ille
932 809 996 873 etsi
1018 809 1118 874 fidam
1141 833 1210 877 uon
1233 813 1349 879 fore

111 905 270 993 putabat,
293 906 406 966 tamen
429 896 652 962 condicionem
677 897 803 983 accepit
826 919 927 982 seque
949 897 992 962 ad
1014 899 1238 966 Artaxerxem
1261 903 1349 968 le-

111 998 211 1080 gatos
231 992 412 1057 missurum
430 985 524 1050 dixit.
561 983 615 1051 Sic
628 984 768 1072 bellum,
787 986 875 1070 quod
894 1008 951 1052 rex
968 986 1124 1054 adversus
1137 987 1349 1056 Datamet]

112 1083 319 1166 susceperat,
337 1076 487 1140 sedatum
502 1078 562 1139 est.
594 1073 861 1160 Autophrodates
880 1076 916 1141 in
928 1075 1106 1162 Phrygiam
1119 1099 1156 1143 se
1170 1081 1348 1166 recepib-

205 1187 236 1251 9.
270 1183 318 1248 At
340 1204 413 1265 rex,
436 1179 522 1266 quod
546 1180 754 1266 implacabile
778 1182 889 1247 odium
912 1182 948 1247 in
965 1181 1130 1248 Datamen
1152 1205 1336 1271 suscepe-

113 1279 182 1360 rat,
204 1277 382 1360 postquam
402 1270 489 1335 bello
511 1291 584 1334 eum
609 1270 752 1356 opprimi
774 1293 841 1336 uon
864 1292 962 1356 posse
984 1271 1235 1359 animadvertit,
1258 1275 1321 1340 iu·

81 1364 209 1432 auidiis
238 1359 421 1426 interficere
450 1358 588 1445 studuit3
621 1381 702 1444 quas
730 1359 788 1425 ille
816 1361 986 1446 plerasque
1010 1360 1156 1427 evitavit
1204 1361 1314 1448 Sicut,

115 1476 192 1520 cum
216 1451 247 1516 ei
271 1447 459 1513 nuntiatum
483 1452 570 1514 esset
594 1449 752 1532 quosdam
776 1448 839 1514 sibi
862 1449 1025 1534 insidiari,
1048 1450 1104 1534 qui
1127 1450 1161 1515 iu
1182 1453 1306 1518 amico·

116 1565 190 1609 rum
214 1540 309 1606 arant
331 1558 467 1602 numero
491 1533 687 1623 (dequibus
711 1537 798 1623 quod
820 1538 946 1604 inimici
967 1537 1168 1624 detulerant,
1199 1563 1302 1627 neque

116 1627 315 1698 credendum
333 1647 438 1710 neque
455 1626 694 1711 neglegendum
713 1625 873 1712 putavit),
893 1627 1032 1712 experiri
1051 1627 1170 1714 voluit,
1189 1651 1302 1696 verum

82 1737 98 1784 3
118 1721 282 1786 falsumne
306 1712 371 1778 sibi
395 1717 482 1780 esset
504 1715 652 1780 relatum.
698 1714 814 1802 Itaque
838 1737 876 1781 eo
900 1715 1066 1800 profectus
1090 1719 1156 1802 est,
1179 1718 1216 1782 iu
1240 1741 1301 1804 quo

117 1810 236 1874 itinere
264 1803 391 1868 futuras
419 1802 555 1867 iusidias
584 1803 740 1868 dixerant
787 1802 849 1870 Sed
879 1804 981 1889 elegit
1012 1825 1145 1889 corpore
1174 1827 1214 1870 ac
1238 1812 1301 1872 sta·

119 1901 196 1961 tura
220 1891 424 1959 simillimum
448 1891 499 1956 sui
522 1891 617 1976 eique
640 1892 797 1957 restitum
820 1915 916 1958 suum
939 1893 1028 1959 dedit
1052 1898 1149 1978 atque
1171 1917 1210 1961 eo
1231 1897 1303 1962 loco

119 1986 181 2068 irs,
206 2003 270 2067 quo
294 1980 363 2063 ipse
387 1983 573 2065 consuerat,
595 1980 702 2047 iussit.
747 1980 822 2066 Ipse
845 1985 956 2048 autem
980 1985 1098 2048 ornatu
1116 1985 1304 2071 vestituque

83 2089 101 2136 4
121 2070 259 2138 militari
282 2068 368 2134 inter
391 2069 535 2155 corporis
559 2069 710 2135 custodes
733 2069 797 2135 iter
819 2070 925 2137 facere
949 2072 1066 2156 coepit.
1106 2069 1152 2135 At
1170 2073 1306 2139 insidia·

120 2167 226 2246 tores,
248 2162 423 2246 postquam
443 2159 477 2224 in
496 2178 569 2223 cum
588 2159 696 2224 locum
715 2179 833 2244 agmen
852 2161 1015 2245 peruenit,
1039 2159 1166 2244 decepti
1190 2161 1305 2228 ordine

120 2256 220 2335 atque
250 2247 384 2334 vestitu,
414 2247 573 2333 impetum
603 2246 636 2312 in
664 2269 739 2313 eum
761 2248 898 2334 faciunt,
927 2248 984 2335 qui
1006 2250 1196 2334 suppositus
1226 2255 1306 2319 erat.

120 2337 332 2405 Praedixerat
361 2340 472 2403 autem
495 2335 536 2403 iis
561 2333 733 2420 Datames,
760 2358 833 2402 cum
857 2337 974 2422 quibus
998 2338 1061 2403 iter
1083 2337 1241 2425 faciebat,
1268 2345 1306 2407 ut

120 2527 359 2583 Konzeesivsatae.
373 2558 406 2569 -
421 2528 586 2617 armariorum
600 2521 683 2585 disee·
775 2529 804 2584 9.
832 2536 854 2584 1.
873 2525 942 2598 qaas
952 2547 973 2585 s.
983 2547 1016 2583 au
1028 2535 1076 2597 aa
1090 2531 1146 2599 qui.
1158 2560 1192 2570 -
1198 2533 1306 2601 pleras-

118 2599 182 2654 <tere
200 2596 312 2668 ‘Sieger
330 2596 460 2668 bleibsu,
480 2597 652 2670 eigontlioh?
739 2616 798 2670 que,
812 2599 852 2653 im
866 2599 898 2655 D.
910 2599 957 2655 eiu
969 2600 1150 2669 Adverhium,
1167 2618 1188 2656 s.
1199 2619 1234 2656 au
1244 2603 1306 2671 Vll,

156 2671 228 2738 quod
247 2700 280 2710 -
300 2675 461 2738 consueret,
481 2668 616 2725 Geduuka
636 2671 685 2724 des
740 2677 791 2738 3,3
811 2688 845 2725 ue
862 2688 918 2741 qua
936 2673 1080 2741 repeutiua
1097 2673 1139 2727 uis
1157 2674 1305 2732 caustum.

121 2739 254 2795 Datames
282 2738 356 2796 ‘weil
391 2756 421 2796 er
453 2739 570 2812 (saluom
599 2740 686 2797 Plano
776 2747 802 2798 2.
825 2741 903 2798 Sicut
921 2739 991 2796 ‘aum
1009 2741 1154 2813 Beispiel'.

120 2809 235 2882 gemtll)
267 2809 313 2867 nie
344 2811 534 2884 handgomoin
567 2808 685 2879 wurde'3
775 2813 831 2868 sibi
847 2814 981 2869 iusidiari
1003 2812 1055 2868 wie
1074 2815 1107 2870 de
1124 2830 1152 2869 se
1175 2815 1222 2883 IV,
1243 2823 1306 2886 4,1.

120 2880 235 2936 thulich
256 2882 308 2939 wie
328 2888 379 2954 tt
399 2885 472 2956 quod
490 2891 632 2942 sereretur.
775 2885 885 2940 inimici
919 2885 1003 2939 n'aml.
1032 2883 1157 2953 illorum,
1195 2888 1306 2943 welche

157 2968 219 3009 cum
237 2955 378 3012 clausisset
397 2974 418 3013 s.
434 2974 468 3012 aa
487 2955 551 3026 XII,
572 2963 596 3024 3,
608 2964 631 3012 3.
739 2954 886 3011 vielleicht
903 2973 956 3009 nur
974 2955 1194 3012 verleumdeteu

158 3025 278 3084 locorum
304 3026 350 3083 bei
373 3029 511 3101 anqustiis
537 3027 613 3083 kann
636 3044 685 3081 uu·
776 3029 897 3097 experiri
909 3026 1228 3083 stehtmitNaohdruck
1242 3031 1307 3085 dem

121 3092 265 3153 llberootat
283 3096 405 3155 bleibsn.
740 3114 824 3168 aeque
839 3099 1000 3154 eredeudum
1013 3115 1098 3168 aeque
1110 3099 1307 3171 mplepeudum

156 3168 296 3225 accidebat
310 3167 475 3239 hiergegou
490 3169 543 3225 dau
575 3169 685 3224 ewbhn-
740 3168 911 3239 gegenuber.
931 3200 964 3210 —
984 3185 1077 3224 uerum
1094 3170 1233 3237 falsumne
1252 3173 1306 3227 wic

120 3233 215 3292 lichen
227 3237 387 3308 (labruuch,
403 3241 476 3296 uach
491 3240 561 3295 welo
583 3256 627 3296 sm
642 3256 686 3294 ac·
736 3246 845 3308 patrem
863 3247 1009 3295 matremuc
1031 3241 1081 3308 XI,
1101 3248 1126 3308 3,
1136 3248 1161 3297 4.

121 3304 452 3379 cideutiauuorwurtoto,
463 3311 685 3367 liberiascheude
776 3318 801 3367 3.
821 3328 850 3366 eo
866 3342 898 3351 -
913 3313 945 3365 iu
958 3329 1011 3380 quo
1024 3310 1242 3379 itiuere‘dahin,
1258 3315 1310 3368 auf

117 3375 295 3461 premisse,
307 3378 411 3435 Worlic
427 3381 475 3436 des
491 3381 596 3435 Zafalls
615 3381 685 3447 siud,
741 3381 877 3436 walchem
891 3381 999 3451 Wege’,
1020 3381 1108 3437 sorici
1126 3381 1180 3438 wie
1191 3380 1306 3477 ‘schlug

129 3444 259 3519 galaug'.
741 3468 771 3506 er
791 3451 845 3505 deu
859 3451 933 3522 Weg
951 3452 1008 3521 ein,
1029 3453 1080 3507 auf
1095 3454 1234 3509 walchem
1254 3487 1306 3512 -.

159 3525 183 3574 5.
207 3521 273 3577 duci
291 3519 344 3576 wia
363 3520 402 3591 ll,
424 3528 446 3592 7,
461 3529 483 3579 1.
775 3523 946 3579 simillimum
960 3527 1018 3592 aui,
1037 3524 1165 3579 verfahre
1181 3526 1236 3581 wie
1253 3527 1307 3583 mit

153 3607 251 3660 pacem
273 3592 424 3650 amicitiam
442 3610 476 3650 ue
501 3594 626 3649 hortatae
650 3601 687 3650 est
740 3609 825 3662 aeque
838 3611 936 3666 mapao
950 3612 1034 3665 aeque
1048 3598 1117 3651 bauo
1136 3596 1174 3664 Il,
1194 3604 1218 3665 6,
1232 3605 1255 3654 1.
1272 3632 1306 3640 -

118 3655 187 3716 ‘riet
206 3659 262 3730 an’3
286 3664 393 3720 seltene
439 3662 630 3732 austruktiou,
651 3665 687 3718 da
741 3682 770 3719 eo
789 3666 859 3733 ioco,
878 3667 962 3723 ntml.
977 3665 1106 3736 agminis.
1288 3715 1291 3720 .

122 3732 229 3791 tortari
248 3733 402 3807 eigoutlich
419 3753 470 3791 nur
485 3736 535 3790 das
550 3734 686 3789 Neutrum
776 3743 877 3792 oruatu
892 3733 1054 3806 ‘Rdstuug³;
1080 3739 1199 3793 militari
1213 3736 1306 3796 ‘eines

122 3802 200 3860 eines
233 3805 404 3862 Pronomaas
437 3808 479 3862 als
514 3805 688 3876 Sachobjolrt
742 3807 913 3879 (gemeiuen)
928 3805 1079 3876 Soldaten',
1097 3809 1154 3878 rgl.
1165 3812 1307 3879 pedestria

123 3872 163 3928 im
187 3875 291 3937 Akhur.
316 3875 363 3933 bai
392 3875 452 3933 siah
480 3877 574 3933 haben
601 3877 686 3933 kann.
741 3894 820 3934 arma
843 3878 894 3948 Xl,
917 3886 939 3947 1,
950 3887 974 3935 3.

125 3945 262 4019 Autophr.
292 3947 460 4021 beautragto
492 3947 573 4003 nicht
605 3947 687 4004 einen
776 3957 801 4005 4.
821 3951 853 4004 iu
866 3967 927 4006 eum
941 3952 1042 4018 locum,
1060 3966 1103 4004 wo
1123 3951 1169 4006 die
1185 3955 1305 4010 iusidia-

123 4016 294 4077 ftrmlioheu
320 4019 453 4088 Friedeu,
487 4020 608 4075 scudem
635 4038 688 4074 nur
741 4027 811 4076 tores
820 4021 964 4075 versteokt
973 4017 1120 4087 wareu,‘in
1133 4021 1196 4078 ihre
1206 4022 1305 4080 Nthe’.

122 4084 207 4144 finan
243 4088 512 4161 Waffoustillstaud,
554 4091 687 4147 wthrcud
745 4122 776 4133 -
799 4094 907 4159 ardiae,
934 4093 1022 4148 durch
1046 4092 1092 4148 dis
1116 4093 1305 4167 Reiheufolge

209 4178 224 4208 a
248 4160 310 4219 sich
331 4161 395 4221 Dat.
414 4160 468 4217 mit
490 4162 555 4218 dem
577 4162 687 4233 Ktuige
742 4163 792 4217 des
810 4162 907 4233 Zuges.

249 4248 285 4289 au
302 4233 395 4291 sollte
776 4233 957 4290 Praedixerat
975 4234 1027 4289 wie
1045 4235 1085 4303 ll,
1107 4243 1130 4303 7,
1141 4243 1165 4291 3.
1186 4269 1219 4278 -
1244 4255 1305 4294 auus

281 4304 335 4363 iasa
356 4305 446 4363 redire
468 4303 522 4360 wia
540 4303 606 4372 Vll,
627 4310 688 4372 o,1.
741 4305 970 4376 quitassent,
992 4312 1051 4373 1,2.
1072 4338 1104 4348 -
1123 4309 1196 4378 quod
1214 4311 1305 4379 ipsum

289 4392 315 4446 a,
333 4376 419 4433 utml.
433 4377 560 4449 mutiam.
741 4376 884 4445 mitescat,
903 4378 987 4432 uuml.
1002 4377 1162 4434 facientem.
