2790 4882
383 255 460 312 VIII.
487 256 761 315 THRASYBULUS.
799 257 876 314 oIP.
898 267 922 315 1.
942 265 967 314 2.
1224 263 1267 330 53

86 419 222 484 fortuna
240 419 384 483 vindieat
402 441 501 502 seque
520 419 573 483 hic
586 420 661 504 plus
677 420 817 486 valuisse
837 444 933 506 quam
954 421 1042 487 ducis
1061 422 1268 508 prudentiam

87 531 163 574 rere
182 512 294 592 potest
316 508 512 592 praedicare.
553 508 640 573 Illud
665 510 1022 592 magnificentissimum
1044 511 1169 576 factum
1191 535 1265 596 pro·
1286 526 1302 574 3

86 599 198 682 prium
213 602 264 662 est
276 597 481 681 Thrasybuli.
505 595 592 663 Nam
607 619 680 661 cum
689 596 782 662 XXX
791 600 932 684 tyranni,
946 600 1127 684 praepositi
1141 600 1267 666 316366-

88 686 279 770 daemoniis,
299 687 455 751 servitute
474 707 646 771 oppressas
665 690 814 752 tenerent
829 687 987 771 Athenas,
1005 687 1268 777 plurimosciris,

88 775 207 860 quibus
227 775 262 838 in
281 775 367 839 bello
386 780 533 858 parserat
551 775 693 861 fortuna,
712 778 833 860 partim
851 778 958 861 patria
977 779 1177 863 expulissent
1194 801 1267 865 par·

87 864 150 929 tim
174 864 430 948 interfecissent,
452 864 667 948 plurimorum
686 865 772 929 bona
790 865 958 950 publicata
981 866 1067 932 inter
1084 888 1119 932 se
1138 867 1266 933 divisis·

89 957 176 1017 sent:
190 975 256 1017 non
267 954 372 1017 solum
387 952 547 1038 princeps,
561 954 618 1018 sed
628 954 728 1018 etiam
738 954 827 1019 solus
838 955 933 1020 initio
944 955 1068 1020 bellum
1078 955 1130 1021 his
1141 957 1267 1023 indixit.
1281 985 1322 1024 404

178 1061 208 1125 2.
241 1058 305 1125 Hie
324 1059 410 1124 enim
434 1080 508 1123 eum
526 1058 654 1144 Phylen
676 1060 890 1147 confugisset,
912 1063 998 1146 quod
1022 1067 1073 1127 est
1097 1061 1268 1128 castellum

87 1150 122 1214 in
141 1148 256 1213 Attica
279 1148 549 1233 munitissimum,
573 1170 645 1213 non·
661 1149 735 1234 plus
758 1149 875 1214 habuit
897 1172 1007 1215 secum
1024 1149 1114 1216 XXX
1134 1151 1173 1218 de
1192 1153 1269 1218 suis.

87 1237 160 1302 Hoc
179 1237 312 1301 initium
330 1237 394 1301 fuit
413 1236 529 1301 salutis
549 1237 760 1320 Actaeorum,
780 1239 841 1303 hoc
860 1238 957 1304 robur
975 1239 1138 1305 libertatis
1157 1241 1267 1306 claris·

88 1327 190 1391 simae
223 1325 377 1391 civitatis.
422 1325 536 1411 Neque
565 1348 641 1391 vero
671 1326 725 1391 hic
752 1349 817 1391 non
847 1332 1052 1414 contemptus
1084 1333 1134 1393 est
1164 1331 1303 1414 primoa

88 1438 108 1479 a
126 1415 275 1499 tyrannis
300 1419 399 1498 atquc
423 1415 491 1479 eius
511 1415 662 1480 solitudo.

704 1415 794 1491 Quae
817 1416 947 1500 quidem
970 1439 1022 1482 res
1047 1418 1171 1483 stillis
1195 1440 1269 1483 eon-

88 1504 310 1569 temnentibus
333 1503 471 1588 pernicii
499 1508 533 1569 et
554 1504 631 1568 hnic
654 1503 806 1588 despecto
830 1506 930 1570 saluti
953 1506 1024 1572 fuit.
1069 1505 1161 1572 Haec
1183 1506 1269 1571 enim

88 1593 164 1657 illos
194 1613 309 1678 segnes
339 1592 379 1656 ad
406 1592 679 1677 persequendum,
707 1593 767 1657 hos
797 1597 920 1679 autem,
948 1598 1093 1680 tempore
1121 1596 1162 1659 ad
1184 1616 1269 1660 oom-

88 1682 271 1768 parandum
290 1681 381 1765 dato,
399 1682 479 1746 feeIt
496 1682 705 1746 robustiores.
747 1681 818 1757 Quo
837 1683 942 1768 magis
962 1686 1169 1768 praeceptum
1187 1684 1270 1749 illud
1289 1698 1304 1745 3

89 1771 236 1835 omnium
256 1770 290 1858 in
309 1770 426 1835 animis
447 1791 518 1835 csse
538 1770 648 1835 debet:
666 1770 750 1834 nihil
768 1771 803 1836 in
816 1771 904 1837 bello
924 1776 1075 1857 oportere
1094 1774 1270 1839 contemni:

88 1881 195 1944 neque
219 1860 288 1924 sine
308 1880 406 1924 causa
429 1858 493 1924 diei
516 1863 655 1923 matrem
679 1859 787 1924 timidi
810 1861 887 1924 flere
910 1882 976 1925 non
1000 1861 1112 1927 solere.
1153 1861 1269 1946 Neque

88 1953 202 2014 tamen
230 1970 288 2032 pro
317 1948 468 2033 opinione
491 1946 690 2032 Thrasybuli
718 1953 832 2015 anctae
863 1954 940 2015 suut
963 1971 1051 2036 opes.
1094 1948 1181 2015 Nam
1205 1951 1305 2015 iamI

89 2043 161 2103 tum
192 2037 260 2102 illis
291 2037 495 2121 temporibus
525 2037 642 2102 fortius
673 2038 750 2102 boni
779 2060 840 2122 pro
870 2038 1024 2105 libertate
1054 2039 1272 2124 loquebantur

89 2213 117 2266 d.
136 2211 155 2267 i.
176 2210 260 2266 einen
278 2210 342 2265 Teil
366 2211 415 2265 des
434 2211 571 2278 Ruhmes3
595 2211 654 2266 616·

89 2285 166 2339 dicut
197 2285 232 2338 ab
261 2284 422 2352 Imperatore
445 2278 558 2336 ‘nimmt
591 2297 655 2336 vom

88 2354 245 2409 Feldherrn
269 2352 325 2424 (fiir
344 2352 415 2422 sich)
440 2352 469 2406 iu
487 2349 654 2422 Anspruoh'.

124 2426 182 2492 bio,
203 2425 229 2479 d.
244 2422 263 2479 1.
282 2424 313 2479 in
330 2423 433 2494 proelii
451 2440 596 2478 concursu.

127 2503 152 2552 5.
176 2497 262 2563 111661,
278 2512 336 2548 was
354 2495 384 2548 in
403 2501 447 2561 §2
468 2495 596 2549 erwthnt
608 2493 654 2550 ist.

90 2599 124 2652 -7
144 2567 444 2692 rquaiygcqnte'sse'mum
468 2584 489 2651 s,
508 2584 542 2620 nu
552 2568 656 2692 ,agitarest

89 2656 155 2694 36666
298 2680 304 2692 .
329 2669 362 2677 -
482 2656 529 2693 am
616 2654 641 2690 rs

90 2727 162 2780 ganz
180 2680 354 2778 Eigeritum'.
382 2654 481 2707 prom

126 2782 255 2836 3666111616
290 2795 432 2849 oppressas
460 2774 554 2834 ‘unter
591 2779 655 2834 dem

91 2851 204 2906 Drucke
223 2851 274 2906 der
291 2847 519 2908 Knechtschaft'.

126 2924 246 2978 13166116
265 2921 389 2989 s.qu,
409 2928 469 2988 4,1.

122 3000 267 3064 parserat,
284 2992 494 3047 altertfimliche
511 2991 603 3048 Form.

123 3067 270 3136 publicata
283 3064 337 3119 3616
346 3064 411 3132 VII,
427 3071 451 3132 4,
463 3070 487 3121 5.
515 3062 573 3117 Das
588 3063 655 3117 Par-

92 3136 162 3206 tizip
176 3137 237 3190 lose
252 3136 303 3189 auf
317 3135 391 3190 nach
406 3138 531 3204 abreptos
548 3135 573 3201 1,
593 3140 618 3201 4,
629 3141 655 3189 2.

123 3210 255 3278 priuceps
269 3203 324 3261 ‘als
348 3207 398 3261 der
422 3209 495 3261 erste
522 3205 589 3260 oder
608 3223 654 3259 au-

93 3274 171 3347 erst’,
193 3297 214 3333 s.
232 3296 266 3332 zu
285 3279 428 3348 repentiuu
446 3275 513 3345 VII,
532 3284 557 3344 3,
567 3283 592 3331 3.

129 3367 159 3422 2.
187 3375 210 3422 1.
229 3368 352 3438 Phylen,
370 3368 443 3436 quod
456 3372 494 3421 est
508 3366 656 3433 6631611666,

93 3439 143 3493 das
162 3437 324 3493 Relativum
348 3437 399 3491 auf
419 3437 469 3491 das
492 3435 655 3491 Prudikcts-

92 3526 195 3564 nomen
209 3509 349 3578 benogen3
367 3527 388 3562 3.
398 3527 431 3562 zu
445 3508 492 3576 IV,
508 3514 557 3576 3,6
572 3523 657 3579 penas

93 3582 165 3650 quod
187 3581 301 3635 Hilotae
322 3587 445 3647 6666166,
469 3580 525 3648 vgl.
549 3579 573 3647 I,
599 3585 655 3646 4,3

93 3652 150 3706 und
168 3651 221 3719 Ill,
241 3658 291 3720 3,1
309 3652 417 3706 Delum.
450 3650 572 3705 166666
586 3667 655 3705 com·

93 3740 174 3779 mune
192 3725 332 3778 6666616666
351 3739 405 3777 6336
421 3723 573 3778 coluerunt.

127 3811 186 3849 666
200 3795 266 3864 plus
284 3795 401 3865 tre'piate
419 3792 473 3848 3616
490 3794 583 3848 miuus
601 3793 655 3847 die-

94 3868 144 3921 tas
162 3867 280 3936 triyiatu
304 3866 342 3932 11,
362 3871 387 3933 5,
397 3871 422 3921 2.

128 3937 241 4004 Actaei,
259 3935 390 4006 po'e'tisch
403 3935 448 3989 fur
461 3933 656 4002 Athenienses,

93 4025 149 4063 von
165 4004 257 4076 Ἀκτή,
277 4009 341 4062 dem
360 4006 438 4061 alten
456 4006 566 4060 Namen
583 4004 656 4059 Atti-

93 4079 153 4134 lras.
173 4111 208 4122 -
226 4080 312 4134 robur
329 4076 392 4132 hier
410 4073 543 4132 ‘statuet

129 4157 155 4206 2.
181 4150 278 4220 Neque
294 4166 356 4205 6666
374 4166 432 4204 uon
450 4147 530 4202 dient
544 4165 592 4201 zur
606 4147 658 4202 Be-

93 4221 262 4291 Iustigimg
293 4219 359 4274 ‘und
396 4218 563 4288 allerdings,
600 4218 658 4272 und

94 4289 243 4358 wirklich'3
267 4292 324 4361 rgl.
343 4308 428 4360 neque
446 4293 579 4361 equoreas
597 4290 657 4356 VII,

95 4370 161 4431 4,1.
181 4395 215 4405 -
233 4365 292 4430 be'c,
315 4363 437 4417 Adverb.
456 4393 490 4402 -—
514 4363 573 4417 61663
595 4361 657 4416 aoli-

95 4438 161 4491 16616
175 4431 250 4490 ‘sein
268 4429 485 4489 Alleinstehen’.

747 2211 822 2281 Quae
835 2213 994 2280 quidemres
1003 2210 1079 2268 ‘aber
1093 2213 1197 2282 gerade
1212 2213 1270 2268 die-

710 2298 755 2336 ser
764 2279 922 2339 Umstand'.
949 2272 1024 2338 liber
1033 2285 1141 2353 quidem
1155 2302 1175 2340 s.
1187 2302 1222 2339 zu
1235 2283 1270 2352 II,

710 2359 752 2420 10,
763 2359 788 2407 3.
804 2382 837 2392 -
851 2355 974 2423 peruicit
992 2356 1026 2409 st.
1040 2354 1185 2424 pernicIei.
1218 2353 1271 2410 Die

708 2424 818 2479 alteren
835 2423 939 2478 Romen
962 2425 1155 2495 gebrauchten
1172 2424 1202 2479 in
1221 2425 1272 2481 der

710 2501 734 2550 5.
745 2493 927 2549 Dehlination
941 2497 1012 2550 statt
1026 2496 1206 2566 derEndung
1221 2497 1271 2551 des

710 2565 778 2620 Gen.
793 2566 851 2620 und
864 2565 930 2624 Dat.
945 2569 970 2622 ee'
988 2567 1122 2622 auweilen
1139 2569 1151 2622 i
1168 2568 1236 2623 oder
1250 2585 1270 2624 e.

744 2643 861 2708 tempore
880 2668 912 2679 —
932 2639 997 2695 61616
1015 2638 1076 2694 lose
1094 2639 1136 2693 als
1153 2639 1271 2694 Kausal·

709 2711 769 2763 satu
788 2708 844 2762 auf.

745 2781 783 2834 661
810 2781 1038 2850 comparandum,
1068 2781 1193 2837 absolut:
1213 2776 1272 2835 ‘um

710 2849 755 2904 die
774 2850 892 2920 nbtigen
910 2851 1134 2922 Vorkehrungen
1152 2869 1186 2906 au
1203 2852 1271 2908 tref-

709 2917 778 2987 fen',
803 2938 852 2975 um
876 2921 936 2975 sich
959 2940 992 2975 zu
1011 2923 1190 2989 verst'arken;
1214 2924 1271 2992 vgl.

708 2991 812 3059 XXIII,
834 2999 884 3059 7,1
903 2994 936 3046 ia
953 2995 1124 3063 apparando.

745 3079 770 3126 3.
799 3075 921 3127 omnium
948 3073 981 3126 16
1006 3074 1109 3127 culmis
1136 3088 1190 3128 esse
1205 3068 1272 3127 ‘von

709 3143 785 3197 allen
802 3141 950 3212 behernigt
968 3139 1102 3198 werden’.

744 3231 829 3283 aeque
837 3215 896 3269 siue
906 3214 1057 3269 6663661166·
1070 3214 1160 3284 h'angt
1171 3230 1227 3268 von
1241 3215 1273 3269 ta

709 3287 812 3341 entme's
829 3301 883 3340 6336
901 3285 946 3340 31).
965 3316 999 3326 -
1023 3287 1116 3341 timidi
1133 3283 1194 3339 hier
1213 3281 1272 3339 ‘des

710 3351 926 3426 Bedtchtigen’.
958 3355 1015 3410 Das
1034 3355 1141 3426 griech.
1161 3355 1273 3426 Sprich·

709 3430 793 3494 wort,
813 3428 863 3481 das
881 3426 918 3480 N.
932 3425 972 3481 im
991 3427 1077 3483 Sinna
1094 3429 1159 3496 hat,
1179 3429 1272 3482 δειλοῦ

710 3495 799 3569 μήτηρ
810 3493 846 3553 οὗ
855 3500 955 3567 κλαίει,
965 3500 1077 3554 anehalt
1087 3499 1272 3555 cinenI'adeI.

746 3585 771 3631 4.
800 3578 895 3648 Neque
913 3585 1004 3634 166666
1023 3598 1044 3634 s.
1059 3598 1093 3633 zu
1111 3596 1196 3649 aeque
1212 3594 1274 3635 6666

710 3649 776 3718 VII,
805 3656 870 3717 5,1.
898 3680 932 3690 -
955 3652 1166 3719 peroptatae
1187 3646 1273 3704 ‘nach

711 3719 835 3844 (gentil)
851 3721 901 3775 der
914 3720 1083 3789 Erwartung
1097 3742 1103 3788 ;
1118 3737 1189 3790 opes,
1204 3719 1272 3788 cius,

712 3811 733 3846 s.
753 3810 787 3845 au
824 3798 911 3861 ,5,t.

746 3865 803 3918 iam
826 3870 884 3918 tum
906 3862 964 3917 61113
986 3863 1165 3931 temporibus,
1193 3859 1275 3915 darin

711 3933 794 4003 licgt:
827 3932 881 3987 wie
909 3933 981 3986 auch
1010 3933 1082 4003 jetzt
1114 3932 1144 3986 in
1171 3948 1275 3985 unsern

711 4004 818 4073 Tagen.
853 4005 921 4059 11113
941 4005 1105 4073 temporibus
1125 4003 1164 4057 131
1183 4002 1273 4057 erkla-

712 4075 797 4130 rende
825 4073 996 4145 ApposItion
1022 4092 1056 4128 au
1082 4081 1155 4130 tum:
1186 4074 1275 4128 sehon

712 4147 834 4210 damels,
857 4146 888 4199 in
909 4145 996 4215 jenen
1019 4146 1097 4200 alten
1115 4145 1221 4200 Zeiten.
1240 4175 1274 4186 -

712 4217 926 4287 Anspielungen
949 4216 1001 4270 auf
1019 4216 1054 4269 N.
1078 4215 1152 4282 Zeit;
1177 4216 1234 4284 vgl.
1253 4216 1274 4284 l,

713 4296 737 4355 6,
748 4295 773 4343 2.
792 4288 885 4356 XVII,
899 4295 924 4355 4,
935 4295 960 4342 3.
980 4287 1083 4355 XVIII,
1100 4295 1124 4356 8,
1135 4293 1160 4341 2.
1175 4286 1275 4358 XXIV,

713 4367 737 4429 6,
748 4367 774 4414 a.
797 4359 883 4427 xxv,
905 4366 946 4426 12,
956 4365 981 4412 6.

750 4432 815 4486 boui
823 4427 879 4485 ‘die
889 4432 977 4500 guten
986 4429 1102 4503 Burgcr,
1111 4425 1274 4495 Patrioten’3
