2790 4882
142 119 182 182 76
465 113 539 168 nni.
568 112 791 168 cincinnos.
829 102 905 169 ose.
925 121 950 168 s.
969 120 994 170 4.

140 298 193 361 eo,
216 277 300 341 unde
320 280 390 342 erat
408 275 588 361 profectus„
611 297 646 342 se
665 275 782 360 recipit
806 276 998 360 litterasque
1017 275 1166 341 Athenas
1190 276 1369 360 publice*

141 365 248 449 misit,
271 365 335 430 sibi
358 365 501 450 proclive
523 365 625 430 fuisse
649 364 783 430 Samum
807 387 937 450 capere,
958 365 1024 429 nisi
1048 387 1068 429 a
1090 363 1265 430 Timotheo
1289 370 1368 430 el:-

105 453 304 539 5Iphicrate
334 455 479 520 desertus
508 458 602 518 esset.
649 452 794 537 Populus
823 475 909 538 acer,
937 453 1089 537 suspicax
1119 454 1160 518 ob
1185 475 1333 538 eamque

140 565 208 608 rem
245 543 411 608 nobilibus
450 542 668 628 adversarius,
704 542 833 607 invidus
867 542 967 607 etiam
1000 543 1167 626 potentiae
1201 563 1360 626 eorum,.

141 631 255 716 quiin
278 630 401 697 crimen
424 632 638 717 vocabantur,
665 632 797 696 domum
821 634 967 696 revocat:
995 633 1188 696 accusantur
1211 630 1322 716 prodi-

141 721 249 786 tionis.
291 720 365 785 Hoc
383 720 502 786 iudicio
522 721 696 785 damnetur
714 718 921 804 Timotheus,
943 719 1050 804 lisque
1073 720 1143 784 eius
1168 720 1326 785 aestima-

140 813 195 873 tur
225 813 355 873 centum
385 809 528 874 talentis.
578 809 639 873 Ille
671 809 745 875 odio
776 809 925 894 ingratae
955 808 1099 873 civitatis
1132 806 1326 874 Chalcidem

87 923 129 964 sss
143 919 177 962 se
201 898 349 963 contulit.

230 1003 260 1068 4.
294 1002 401 1068 Huius
425 1007 502 1087 post
525 1007 665 1068 mortem
689 1025 762 1067 cum
785 1003 943 1088 populum
966 1003 1077 1068 iudicii
1101 1004 1152 1068 sui
1175 1003 1324 1087 paenite-

141 1096 206 1177 ret,
228 1092 352 1156 multae
375 1113 491 1157 novem
515 1091 619 1176 partis
643 1091 786 1156 detraxit
809 1095 842 1157 et
866 1092 976 1158 decem
1000 1093 1126 1158 talenta
1146 1089 1355 1177 Cononem„

142 1180 246 1244 filium
271 1182 352 1265 eius,
377 1180 418 1245 ad
440 1181 525 1245 muri
549 1180 711 1265 quandam
733 1184 863 1265 partem
885 1181 1092 1247 reficiendam
1116 1181 1216 1246 iussit
1239 1181 1325 1246 dare.

141 1269 181 1334 In
209 1290 273 1354 quo
301 1269 451 1335 fortunae
481 1269 623 1336 varietas
655 1273 706 1334 est
736 1268 969 1336 animadversa.
1013 1269 1102 1336 Nam
1130 1291 1213 1354 quos
1243 1291 1325 1335 avus

144 1356 258 1424 Conon
284 1380 395 1423 muros
424 1380 464 1423 ex
486 1358 632 1424 hostium
659 1357 780 1442 praeda
809 1358 935 1442 patriae
958 1359 1160 1444 restituerat,
1192 1351 1326 1424 eosdem

143 1469 243 1531 nepos
282 1469 352 1512 cum
388 1469 514 1513 summa
551 1447 733 1533 ignominia
765 1468 805 1512 ex
837 1469 898 1511 sua
929 1470 965 1512 re
995 1447 1152 1512 familiari
1189 1447 1326 1512 reficere

107 1542 273 1601 eeoaecus
307 1540 365 1602 est.
416 1535 582 1601 Timothei
614 1539 725 1602 autem
757 1535 944 1600 moderatae
982 1536 1204 1621 sapientisque
1237 1537 1330 1600 vitae

143 1646 215 1689 cnm
244 1626 399 1709 pleraque
429 1626 592 1709 possimus
621 1624 763 1709 proferre
786 1624 989 1710 testimonia,
1016 1646 1081 1690 uno
1106 1625 1227 1690 erimus
1252 1646 1329 1690 con·

142 1713 241 1798 tenti,
265 1714 352 1796 quod
371 1736 410 1777 ex
430 1735 467 1778 eo
486 1713 582 1778 facile
601 1712 705 1778 conici
727 1713 864 1798 poterit,
887 1735 985 1798 quam
1009 1734 1102 1779 carus
1126 1713 1194 1778 ruis
1214 1712 1326 1778 fuerit.

144 1799 226 1865 Cum
246 1801 387 1865 Athenis
411 1801 675 1866 adulescentulus
699 1822 830 1866 oausam
850 1801 984 1887 diceret,
1007 1824 1074 1867 non
1097 1802 1204 1867 solnm
1228 1802 1327 1867 amici

143 1888 326 1974 privatique
358 1889 506 1974 hospites
539 1889 581 1953 ad
614 1911 686 1954 eum
723 1889 960 1956 defendendum
997 1893 1231 1975 convenerunt,
1269 1891 1327 1956 sed

145 1977 244 2042 etiam
267 1978 303 2042 in
325 1978 365 2042 iis
389 1977 502 2062 Iason,
524 1981 683 2062 tyrannus
703 1977 908 2063 Thessaliae,
931 1979 986 2064 qui
1008 1979 1066 2045 illo
1090 1984 1238 2064 tempore
1262 1978 1329 2044 fnit

109 2067 290 2131 somnium
319 2067 579 2153 potentissimus.
624 2066 688 2132 Hie
716 2088 789 2132 cum
819 2068 854 2132 in
882 2068 991 2152 patria
1023 2069 1093 2134 sine
1123 2067 1326 2133 satellitibus

145 2177 179 2220 se
202 2160 310 2220 tutum
338 2177 404 2221 non
432 2156 659 2242 arbitraretur,
687 2155 834 2221 Athenas
863 2157 933 2222 sine
956 2156 1024 2222 ullo
1048 2156 1212 2241 praesidio
1235 2157 1328 2223 venit

144 2245 294 2330 tantique
312 2244 477 2329 hospitem
496 2245 588 2330 feeit,
609 2248 648 2309 ut
666 2244 780 2310 mallet
798 2245 868 2331 ipse
889 2245 1005 2331 capitis
1030 2245 1210 2331 periculum
1235 2245 1327 2311 adire

145 2356 242 2418 quam
270 2333 443 2399 Timotheo
476 2332 515 2398 de
542 2333 631 2398 fama
664 2333 833 2399 dimicanti
867 2333 987 2399 deesse.
1039 2334 1134 2399 Hunc
1167 2333 1326 2400 adversus

143 2424 255 2485 tamen
278 2420 471 2486 Timotheus
499 2426 615 2506 postea
641 2422 754 2507 populi
780 2423 871 2486 iussu
899 2422 1023 2487 bellum
1051 2423 1171 2509 gessit3
1197 2423 1326 2508 patriae

145 2510 310 2574 sanctiora
332 2510 406 2573 iura
429 2531 527 2594 quam
550 2511 688 2595 hospitii
712 2533 782 2576 esse
806 2511 907 2575 duxit.

144 2735 190 2791 die
209 2735 313 2790 beiden
336 2736 426 2790 durch
444 2733 531 2805 ‘und',
555 2737 612 2807 vgl.
632 2737 706 2804 XVI,
762 2743 787 2805 4,
803 2744 826 2792 5.
851 2769 885 2779 -
912 2754 973 2794 eam
995 2754 1102 2794 samma
1124 2740 1282 2809 ipnomc’aio
1304 2757 1325 2794 s.

144 2814 198 2876 3,4
216 2809 316 2878 quibas
332 2809 413 2864 rebus
431 2809 567 2876 confectis.
761 2826 795 2862 zu
813 2809 840 2877 1,
855 2815 908 2876 7,4
926 2827 1028 2881 mapao
1047 2827 1108 2865 eam
1126 2811 1282 2878 offensione.

179 2889 276 2958 recepit
309 2919 342 2930 -
370 2890 459 2956 misit,
491 2888 623 2945 Weehsel
657 2889 707 2944 der
797 2904 822 2953 2,
849 2914 910 2953 cum
928 2897 991 2952 hier
1009 2899 1067 2952 und
1085 2897 1116 2952 in
1134 2905 1149 2964 p
1169 2905 1185 2952 3
1204 2898 1260 2953 wie
1279 2898 1326 2965 ΠΙ,

143 2959 282 3030 Tempora
300 2959 353 3015 wie
372 2959 410 3028 X,
428 2966 453 3028 8,
464 2967 489 3015 3·
515 2959 589 3029 XIV,
609 2967 633 3028 4,
646 2967 670 3017 5·
762 2975 813 3036 3,2
833 2985 894 3024 cam
908 2971 1086 3025 dentientes
1100 2970 1278 3039 praefuisset.
1293 3000 1327 3010 -

180 3042 284 3096 litteras
310 3041 422 3110 publice
448 3041 524 3096 miae
550 3034 706 3092 ‘erstattete
757 3041 887 3109 pleraque
904 3039 967 3094 hier
980 3037 1054 3095 ‘sehr
1067 3035 1157 3108 viole,
1176 3039 1258 3095 nicht
1271 3039 1327 3094 ‘die

143 3111 261 3166 amtlieh
279 3108 415 3167 Bericht'.
760 3107 898 3164 meisten’.

179 3192 299 3246 decenus
321 3196 399 3258 esset,
427 3190 480 3245 mit
508 3191 572 3245 dem
596 3187 706 3244 Neben-
797 3182 1016 3237 adulescentulas
1052 3179 1102 3236 ‘als
1139 3180 1185 3236 ein
1222 3181 1328 3252 jungor

142 3260 249 3330 begriff
265 3261 314 3314 des
332 3260 580 3330 Pfliehtwidrigen.
613 3293 617 3300 ι
760 3249 860 3307 Mann'.
898 3251 980 3306 Denn
998 3251 1045 3308 die
1064 3254 1239 3332 Benennung
1257 3255 1326 3308 ado-

180 3346 205 3394 ὅ.
230 3340 263 3394 ob
283 3354 392 3407 comque
409 3356 466 3394 rem
489 3357 509 3392 s.
530 3357 564 3392 au
586 3340 625 3406 II,
646 3345 706 3407 8,1‚
762 3325 860 3379 reeens
879 3322 994 3404 pmfasst
1017 3324 1063 3378 die
1082 3339 1172 3406 gapze
1190 3323 1254 3378 Zeit
1277 3325 1328 3378 der

144 3443 177 3450 -
197 3425 260 3464 ace
277 3407 340 3462 hier
357 3407 634 3466 ‘reidensehaftlich'.
760 3392 961 3475 kenerlwhen
992 3396 1051 3449 und
1082 3398 1225 3465 semesa
1257 3394 1327 3448 Ent-

180 3482 215 3536 lie
228 3481 388 3536 aestimator
401 3479 454 3536 wie
468 3481 494 3549 Ι,
510 3488 533 3549 7,
543 3489 566 3536 6.
591 3481 708 3535 Ebenda
760 3464 922 3535 mekelung
948 3482 1013 3520 '⁰111
1043 3473 1083 3522 1⁷·
1106 3466 1192 3520 ΜΗΘ
1218 3465 1327 3546 ὃῐὶῷἱε

145 3571 165 3607 s.
185 3553 256 3607 fiber
273 3553 413 3608 talentum,
760 3551 852 3605 gagen
871 3536 921 3590 das
940 3543 983 3592 40.
1001 3537 1079 3592 Jahr.
1116 3537 1173 3591 Das
1192 3536 1326 3591 Demmu-

179 3625 306 3695 ingratae
334 3625 466 3692 aaran,
496 3640 559 3694 gen,
587 3622 705 3692 objecti.
760 3605 852 3661 tivum
871 3608 948 3662 steht
970 3608 1045 3677 hier,
1068 3607 1121 3663 wie
1142 3607 1228 3676 efter,
1253 3607 1327 3662 ohne

143 3713 203 3751 vus.
760 3677 937 3734 besonderen
957 3679 1136 3735 Nachdruck.

179 3783 210 3840 4·
248 3793 271 3839 1,
308 3783 405 3838 Hui„
430 3791 494 3853 w„
521 3789 644 3851 mmm,
677 3799 707 3838 οἳ
792 3759 901 3841 privati
922 3755 1254 3850 hospitesJGastfreunde
1276 3775 1328 3813 aue

144 3857 220 3910 starb
243 3855 318 3909 noch
342 3853 381 3907 im
399 3854 485 3909 Jahre
504 3862 564 3910 354.
585 3886 619 3894 -
637 3871 705 3924 pur-
761 3830 827 3884 dem
845 3830 1061 3886 Prllalslande·

143 3928 193 3993 aa,
212 3925 318 3984 Arnus.
333 3924 387 3980 wie
406 3925 503 3981 Sarae
522 3926 546 3994 1,
566 3932 628 3995 4,1.
797 3925 821 3973 3·
851 3919 884 3973 <a
901 3919 979 3986 fama
997 3914 1053 3972 ‘um
1073 3917 1149 3973 seins
1168 3919 1259 3986 nure,
1280 3919 1329 3973 die

178 3997 217 4051 Ia
235 4013 287 4066 quo
306 4015 327 4051 s.
342 4015 377 4050 zu
394 3997 433 4064 Il,
453 4003 478 4065 2,
489 4003 513 4051 3.
761 3988 851 4042 durch
870 3988 915 4043 die
934 3989 1063 4059 Anklage
1089 3988 1243 4059 gefahrdet
1260 4007 1327 4046 war.

179 4084 245 4137 quos
268 4084 360 4123 maros
386 4068 532 4123 dbersetae
558 4068 631 4122 nach
656 4068 707 4122 der
761 4089 802 4143 '‘.
827 4060 927 4143 ἆρθδθθ,
965 4059 1113 4130 Gegenlssll
1146 4077 1203 4115 von
1235 4064 1328 4118 adem

143 4139 224 4194 Anm.
239 4157 273 4192 zu
289 4140 338 4209 qai
352 4141 426 4194 locos
443 4138 489 4206 IV,
510 4145 534 4207 3,
546 4146 619 4195 3.—
638 4156 707 4196 acus
761 4132 848 4185 altem
866 4130 904 4206 Χ,
925 4137 985 4200 1,3.

96 4246 100 4250 -
143 4209 220 4270 steht
244 4209 298 4264 mit
322 4209 494 4264 Nachdruelr
521 4226 622 4278 voram
651 4227 705 4264 wa·
797 4211 884 4266 Hanc
919 4213 1062 4280 adversae,
1104 4211 1236 4283 Stellung
1273 4211 1327 4267 wie

141 4286 222 4334 rum?
240 4310 273 4322 -
292 4279 386 4338 conon
401 4312 434 4322 -
448 4282 604 4338 restituerat
621 4299 642 4336 s.
658 4281 703 4350 IX,
761 4281 812 4350 IX,
832 4288 891 4350 Η.
