2790 4882
418 303 481 358 VII.
508 301 733 357 ALCIBIADES,
771 300 848 357 OAP.
869 308 894 356 3.
913 308 939 356 4.
1226 305 1269 369 43

86 469 278 552 exsisteret,
312 487 394 551 quae
421 466 608 532 libertatem
637 464 836 550 opprimeret
863 464 985 549 populi.
1032 462 1103 529 Hoc
1130 462 1306 529 maximas

87 557 265 625 convenire
287 555 324 620 in
342 554 545 621 Alcibiadem
566 555 749 638 videbatur,
773 554 859 638 quod
878 558 913 618 et
929 554 1096 639 potentior
1115 557 1149 617 et
1167 552 1271 617 maior

93 668 191 734 quam
213 644 361 731 privatus
386 644 642 709 existimabatur.
689 642 812 708 Multos
836 643 922 708 enim
945 641 1141 707 liberalitate
1160 640 1269 706 devin-

92 739 198 814 xerat,
217 733 328 818 plures
348 733 447 798 etiam
468 754 566 817 opera
583 731 707 798 forensi
725 753 801 796 snos
815 731 1006 796 reddiderat.
1043 730 1149 807 Quare
1162 730 1272 813 fiebat,
1290 744 1305 792 s

92 828 129 890 ut
150 822 298 888 omnium
322 823 447 904 oculos,
470 823 760 906 quotienscumque
783 820 817 884 in
840 820 1006 904 publicum
1030 819 1207 905 prodisset,
1231 820 1271 884 ad

91 935 128 980 se
151 915 369 996 converteret,
396 932 502 995 neque
531 911 560 976 ei
588 933 647 995 par
675 909 847 995 qnisquam
875 908 910 973 in
932 909 1065 974 civitate
1087 912 1271 993 poneretur.

92 1001 209 1087 Itaque
226 1021 294 1065 non
313 1000 422 1065 solum
441 1019 532 1086 spem
551 1000 586 1064 in
601 1020 639 1064 eo
657 997 823 1063 habebant
842 997 1026 1083 maximam,
1046 997 1101 1063 sed
1118 997 1218 1063 etiam
1231 997 1272 1062 ti·

96 1112 232 1174 morem,
255 1090 343 1174 quod
363 1092 396 1153 et
415 1088 530 1154 obesse
549 1087 726 1172 plurimum
750 1091 784 1151 et
801 1086 955 1171 prodesse
974 1091 1113 1172 poterat.
1153 1086 1271 1170 Asper·
1292 1100 1307 1147 6

93 1179 235 1266 ¹gebatur
252 1177 354 1243 etiam
373 1176 523 1263 infamia,
542 1177 630 1262 quod
648 1177 683 1240 in
703 1175 798 1241 domo
817 1197 877 1240 sua
893 1175 999 1241 facere
1018 1175 1173 1261 mysteria
1187 1175 1272 1240 dice·

95 1268 205 1353 batur3
240 1267 324 1352 quod
357 1265 449 1332 nefas
483 1269 553 1332 erat
585 1287 675 1331 more
708 1263 972 1331 Atheniensium:
1003 1264 1102 1349 idque
1132 1284 1200 1329 non
1231 1263 1273 1329 ad

94 1357 302 1442 religionem,
326 1355 382 1421 sed
407 1356 448 1420 ad
470 1355 729 1421 coniurationem
752 1354 914 1439 pertinere
939 1352 1197 1419 existimabatur.

183 1462 214 1528 4.
253 1460 326 1527 Hoc
355 1461 489 1527 crimine
521 1461 557 1526 in
584 1460 734 1526 contione
766 1458 806 1524 ab
835 1458 976 1524 inimicis
1007 1460 1274 1544 compellabatur.

94 1551 160 1619 Sed
181 1549 328 1616 instabat
352 1554 483 1635 tempus
512 1551 554 1615 ad
576 1549 698 1615 bellum
722 1547 954 1634 proficiscendi.
999 1547 1038 1612 Id
1062 1548 1119 1613 ille
1141 1547 1273 1612 intuens

96 1662 198 1726 neque
224 1639 380 1726 ignorans
409 1639 525 1704 civium
556 1659 688 1704 suorum
716 1636 981 1702 consuetudinem
1009 1636 1212 1721 postulabat,
1245 1636 1274 1700 si

96 1728 173 1815 quid
192 1729 232 1794 de
251 1749 285 1792 se
305 1728 359 1815 agi
377 1728 516 1814 vellent,
538 1727 649 1813 potius
670 1727 709 1792 de
727 1730 898 1812 praesente
920 1725 1066 1812 quaestio
1090 1725 1273 1810 haberetur,

96 1841 194 1903 quam
223 1816 341 1882 absens
365 1817 508 1882 invidiae
531 1817 665 1882 crimine
693 1819 906 1881 accusaretur.
951 1814 1080 1880 Inimici
1103 1814 1308 1888 veroeiuse

131 2051 157 2100 4.
189 2044 265 2113 Hoc,
298 2043 344 2099 die
372 2044 444 2100 eben
474 2043 657 2099 bezeichnete
711 2043 840 2098 walchen
855 2059 909 2096 nur
922 2041 978 2097 den
990 2041 1206 2112 Eingeweihten
1225 2043 1275 2098 der

96 2115 298 2185 Befurchtung.

131 2187 221 2243 maior
247 2204 269 2241 s.
297 2203 331 2240 zu
358 2203 476 2257 prapaes
501 2187 578 2242 borno
610 2187 657 2255 IV,

89 2265 156 2328 1,1.
177 2289 211 2300 -
230 2274 313 2328 quum
332 2259 463 2327 privatus
484 2257 542 2328 vgl.
561 2258 587 2323 1,
606 2263 658 2325 8,2

94 2345 153 2386 oon
169 2329 314 2385 manaae
327 2344 407 2399 porse
425 2345 479 2384 esse
491 2330 628 2399 parmae.

131 2402 214 2457 deum
232 2398 317 2484 ,heim
343 2399 546 2470 Komparutiv?
579 2418 606 2490 ε.ι
626 2417 660 2453 zu

96 2471 661 2597 cfr

97 2613 192 2668 nissen
207 2613 346 2682 entlehnt,
360 2613 436 2667 dum
446 2613 519 2667 Rom
533 2613 584 2666 auf
595 2614 659 2667 dem

97 2685 199 2740 Forum
226 2684 319 2739 Recht
349 2684 526 2755 gesprachen
555 2685 659 2740 wurde.

98 2755 167 2812 Eine
191 2743 390 2826 iibertragung
414 2754 570 2811 romiscber
592 2756 660 2811 Ver-

96 2825 235 2882 htltnisse
272 2827 323 2881 aut
335 2868 337 2872 .
351 2825 528 2898 griechische
560 2827 599 2882 ist
630 2843 659 2882 es

99 2898 179 2964 auch,
189 2914 272 2954 wenn
281 2897 316 2954 N.
326 2898 382 2952 den
391 2897 559 2952 Alkibiades
571 2898 661 2953 durch

96 2968 335 3031 adrokatorisehe
353 2968 518 3038 Thatigkeit
540 2968 660 3040 (Verbei-

83 3039 319 3111 'dignngsredem
334 3039 395 3094 sich
408 3039 581 3110 politischen
595 3039 660 3094 Ein-

98 3110 155 3165 nun
174 3111 319 3167 erwerben
336 3110 411 3178 laha
431 3112 506 3165 denn
523 3110 554 3165 in
567 3111 661 3177 Athen

96 3183 194 3239 verlsn
274 3182 324 3237 das
353 3182 467 3250 Geretz,
498 3181 555 3238 duit
579 3182 661 3252 jeder

97 3253 176 3309 aeine
220 3252 291 3308 eche
316 3252 478 3324 personlich
499 3253 603 3310 ftihrte.
626 3285 660 3295 -

97 3341 161 3382 suos
179 3322 220 3379 ‘au
239 3323 336 3379 seinen
353 3323 542 3394 Anhtngern'.

135 3406 211 3530 ahi}
225 3406 370 3495 puplicum
383 3403 661 3476 prodire‘bffentlich

100 3493 159 3532 erse
181 3492 281 3532 emen.

130 3549 281 3618 prodisset,
300 3548 328 3602 d.
341 3547 424 3618 Konj.
438 3564 531 3618 gegen
547 3547 593 3603 die
608 3547 661 3602 Ite-

99 3619 158 3689 gel,
177 3617 234 3688 vgl.
254 3635 288 3672 au
306 3618 371 3688 XII,
392 3626 417 3687 3,
428 3625 452 3676 ³.

129 3696 279 3761 pomaeo
291 3690 365 3744 nach
379 3690 444 3745 dem
457 3688 492 3745 N.
505 3689 662 3760 eigentfim-

100 3761 195 3816 lichen
214 3759 626 3833 Gebruuch=existimuretur,

132 3834 210 3923 irrep
228 3833 365 3889 trabebant
378 3829 496 3902 ‘begten
514 3831 543 3886 in
561 3832 667 3887 betreff

100 3919 210 3960 semer.

100 3975 556 4128 irrosus..n⁶aau
579 3973 663 4099 aa

100 4116 177 4171 hehe
214 4115 268 4170 nin
295 4132 382 4172 neuer
404 4116 662 4186 Verdachtsgrund,

100 4187 147 4242 die
175 4187 425 4258 Verstttmmelung
452 4189 501 4242 der
528 4186 663 4242 Hermen·

100 4258 199 4313 stolen
218 4259 283 4313 dem
300 4259 365 4314 Alh.
385 4259 621 4329 schuldzugeben.

136 4339 269 4395 iadorae
291 4355 344 4394 sao
372 4357 394 4396 s.
417 4357 451 4394 zu
469 4339 522 4407 VI,
546 4345 611 4406 3,5.
630 4368 664 4379 -

101 4412 231 4481 mysterio
266 4426 360 4465 waren
392 4410 521 4480 gebeime
558 4411 665 4479 gottes÷

102 4480 270 4536 dienstliche
311 4480 589 4549 Zusammenkfinfte,
632 4498 666 4534 zu

712 2113 817 2169 Zutritt
831 2112 905 2168 offen
915 2112 1007 2168 stand.
1033 2114 1086 2170 Die
1101 2113 1274 2183 angesehen·

713 2187 775 2240 stan
798 2201 893 2238 waren
917 2183 964 2239 die
987 2184 1193 2240 eleusinischen
1215 2184 1275 2255 My-

714 2256 826 2311 sterien.
855 2285 888 2296 -
918 2257 1047 2326 mysterio
1072 2257 1176 2325 facere,
1203 2257 1275 2324 qood

713 2330 792 2396 nesae
815 2356 849 2367 -
875 2328 940 2394 sngt
962 2324 996 2380 N.
1020 2327 1093 2380 nach
1120 2324 1276 2382 rbmischer

713 2398 917 2467 Auschaunng;
954 2396 1146 2451 thatsbohlich
1179 2396 1275 2452 wurde

712 2468 879 2523 Alkibiades
897 2467 1090 2537 beschuldigt,
1109 2467 1163 2522 mit
1178 2466 1276 2522 seinen

714 2539 859 2596 Genossen
883 2538 929 2594 die
948 2538 1074 2607 heiligen
1093 2538 1276 2595 Ceremonien

714 2613 764 2668 der
787 2609 993 2666 eleusinischen
1011 2610 1164 2679 Mysterien
1189 2611 1276 2666 nach-

713 2683 801 2753 geum
818 2683 877 2738 und
895 2699 926 2737 so
946 2681 1082 2738 entweiht
1099 2699 1133 2736 zu
1152 2682 1253 2738 haben.

749 2757 793 2824 id,
815 2753 862 2810 die
880 2752 1104 2823 Mysterienfeier
1121 2753 1152 2807 in
1170 2752 1277 2808 seinem

714 2825 816 2880 Hause.
841 2856 874 2866 -
898 2827 1036 2895 pertinere
1056 2822 1144 2881 ‘stehe
1171 2824 1201 2879 in
1224 2825 1276 2879 Be·

715 2892 854 2967 ziehung’.

751 2984 778 3040 4.
805 2991 828 3038 1.
848 2984 910 3038 Hoc
923 2985 1052 3052 erimine,
1067 2982 1113 3038 die
1124 2983 1277 3053 Mysterien

716 3055 853 3112 entweiht
870 3071 904 3108 au
922 3053 1025 3109 haben.
1041 3085 1076 3094 -
1093 3055 1125 3108 ire
1144 3056 1277 3121 contione,

715 3126 857 3182 aleonoch
866 3124 947 3178 nicht
956 3123 1087 3179 fdrmlich
1095 3122 1275 3193 rorGericht,

715 3197 837 3253 sondern
845 3193 1071 3250 manetellteihu
1080 3193 1110 3248 in
1119 3194 1277 3250 derVolks·

714 3267 923 3338 versammlung
935 3265 1059 3334 ,deshulb
1079 3283 1128 3320 aur
1144 3264 1232 3322 Rede.

715 3340 788 3466 IId
814 3341 925 3395 imaeue
955 3337 1010 3393 wie
1039 3338 1105 3394 boec
1131 3338 1279 3410 respiciens

715 3481 1098 3636 witin'ttittia‘iil
1114 3479 1278 3620 iiiiii,

717 3642 748 3680 so
767 3625 860 3680 heben
879 3625 941 3678 srch
959 3625 1005 3678 dre
1023 3623 1071 3678 ber
1092 3641 1125 3678 en
1144 3624 1279 3694 Negatio·

716 3714 773 3753 nen
796 3696 878 3751 nicht
901 3693 971 3750 bloss
996 3693 1057 3761 auf,
1083 3694 1205 3749 eundern
1230 3694 1278 3749 be·

716 3768 825 3822 wirken
856 3764 919 3821 eine
946 3765 1103 3820 versttrkte
1131 3764 1280 3834 Bajahung

717 3839 855 3909 (Litora).
871 3868 905 3878 -
922 3836 1156 3903 emacim,
1170 3835 1279 3890 welche

717 3909 844 3980 gemeint
862 3907 915 3975 sci,
935 3906 1010 3962 nieht
1027 3924 1093 3962 men
1111 3922 1160 3960 aus
1179 3911 1234 3970 §4-

753 3981 936 4051 quaestionem
962 3979 1059 4034 trabere
1081 3974 1153 4032 ‘eine
1180 3976 1280 4030 Unter-

718 4052 846 4122 suchung
864 4045 1020 4105 unstellen’.
1052 4036 1128 4104 Uber
1146 4048 1202 4102 deu
1219 4046 1280 4103 blo·

717 4123 774 4177 [ten
791 4120 969 4192 Konjunktiv
987 4120 1060 4174 nach
1079 4121 1240 4188 postulabat
1257 4137 1279 4174 s.

719 4212 752 4248 zu
771 4194 795 4262 1,
817 4201 868 4262 1,4
891 4195 971 4263 idque
989 4192 1100 4247 Lernnii
1117 4207 1170 4246 suc
1187 4196 1280 4260 sponte

717 4269 839 4335 facerem
851 4265 1023 4336 praeterret.
1061 4331 1068 4353 ε
1263 4328 1271 4350 ,

720 4330 1208 4473 erdt.tt‘⁸dt“'nt2.tt,
1228 4364 1280 4471 ᾗ

720 4496 802 4550 paam
824 4480 932 4548 perpeti
955 4481 1073 4546 possent.
1098 4507 1131 4517 -
1159 4475 1282 4532 incidiae
